2722 4776
669 391 849 454 -c-.-

252 565 416 645 discerpas
450 558 587 634 misere,
620 556 711 642 quod
743 558 920 644 antiquitus
950 574 984 624 et
1004 563 1152 644 primitus
1182 585 1262 629 eon.

249 673 396 733 iunctum
407 662 480 740 fuit,
501 681 585 722 neve
601 659 815 724 dumdisiecta
829 663 973 724 membra
992 667 1138 746 respicis,
1160 688 1261 731 unum

250 775 330 838 olim
364 765 505 830 solidum
537 763 715 846 vivumque
740 785 869 844 -corpus
906 764 1007 828 fuisse
1046 768 1259 834 obliviscaris.

249 876 332 935 Nam
352 869 379 931 si
399 885 541 950 uuquam
561 864 659 940 alibi,
694 863 757 925 fuit
783 865 817 926 iu
843 866 1001 948 religione
1023 875 1175 930 veterum
1195 893 1261 932 uua

203 999 211 1012 ·
250 973 409 1060 quaedam
441 965 583 1049 species,
613 965 654 1028 ad
687 987 784 1050 quam
813 969 1104 1032 conformabantur
1139 975 1257 1050 omnia,

241 1097 333 1154 ,uuus
355 1074 446 1157 quasi
467 1069 589 1136 animus
622 1077 656 1128 et
676 1070 826 1150 spiritus,
853 1091 918 1154 quo
947 1084 1063 1132 cuncta
1084 1075 1257 1136 moveban-

250 1189 306 1242 tur
326 1187 424 1259 atque
447 1169 680 1234 animabantur.
721 1169 786 1238 Sed
807 1172 871 1232 illis
893 1171 991 1254 ipsis,
1016 1173 1081 1254 ¹qui
1111 1183 1257 1234 veterum

249 1280 394 1359 studiosa
426 1275 567 1336 lectione
599 1274 733 1336 enutriti
765 1297 832 1336 non
864 1275 1053 1358 imaginibus
1076 1277 1137 1338 sibi
1159 1279 1254 1339 insor-

249 1382 343 1445 matis
371 1375 607 1457 sententiisque
635 1373 906 1456 philosophorum
928 1375 1057 1459 decepti
1076 1378 1256 1470 inquiruntq

251 1483 330 1570 quid
351 1477 432 1542 illud
453 1499 550 1539 unum
573 1476 692 1553 suerit,
709 1487 837 1568 gratum
858 1478 1050 1551 meriscisse
1082 1481 1259 1541 facturum·

251 1609 315 1675 que
337 1581 489 1658 arbitror,
511 1579 538 1642 si
558 1587 708 1642 cunctam
728 1579 912 1641 fabularum
945 1581 1065 1642 seriem
1095 1603 1131 1642 ea
1165 1603 1260 1666 quam

251 1711 349 1774 supra
371 1682 590 1747 demonstrari
603 1684 729 1743 ratione
752 1682 990 1766 disposuissem.
1021 1684 1166 1779 Quarum
1187 1708 1260 1768 par·

250 1807 319 1856 tem
350 1788 489 1872 aliquam
522 1785 585 1846 iam
618 1806 704 1846 nuuc
737 1785 815 1847 mihi
844 1789 975 1868 sumpsi,
1007 1799 1044 1846 ut
1076 1787 1260 1848 fabularum

251 1894 444 1960 a'roicarum
456 1888 646 1949 varietatem
667 1889 903 1971 perquirerem,
924 1885 1087 1973 inquibus
1106 1890 1148 1966 id,
1171 1891 1261 1974 quod

250 1994 412 2072 volebam,
433 1992 588 2054 facillime
610 1999 644 2052 et
665 2002 779 2072 aperte
802 1990 1048 2072 deprehendere
1070 2011 1165 2070 posse
1180 1991 1260 2051 mibi

250 2093 402 2169 videbar,
424 2112 497 2156 cum
519 2098 553 2156 ct
574 2079 690 2170 poetae
713 2087 829 2164 divini,
862 2089 951 2149 cuius
974 2096 1081 2147 sancta
1103 2087 1261 2170 quaedam

252 2196 340 2264 inter,
362 2193 504 2258 Graecos
526 2189 705 2254 habebatur
727 2191 918 2266 auctoritas,
941 2189 980 2250 de
1001 2188 1050 2250 his
1072 2191 1169 2250 rebus
1192 2213 1261 2251 car·

252 2299 338 2368 mina
361 2301 473 2362 extent
501 2300 570 2356 tum
591 2292 809 2374 antiquissima
836 2303 905 2351 tum
935 2290 1022 2354 omni
1044 2302 1113 2352 arte
1151 2294 1262 2376 perie-

255 2397 411 2475 ctissima,
457 2415 595 2477 cumque
630 2393 758 2454 subulae
780 2394 868 2475 ipsae
894 2417 912 2454 a
944 2397 1071 2477 tragicis
1103 2389 1262 2479 imprimis
1359 2383 1360 2392 ἵ

253 2501 361 2585 poetis
394 2499 563 2581 omnisque
605 2495 733 2578 generis
770 2495 981 2578 scriptoribus
1018 2508 1052 2558 et
1084 2497 1260 2562 artificibus

253 2605 344 2670 vario
367 2602 463 2694 modo
497 2600 590 2662 nobis
613 2600 750 2662 traditae
772 2600 857 2662 sint:
888 2600 1004 2684 quibus
1037 2602 1107 2682 ipse
1131 2601 1261 2664 edoceri

254 2728 351 2794 posse
372 2704 552 2787 sperabam,
574 2724 656 2787 quae
682 2704 730 2771 ria
750 2703 901 2778 ineunda,
925 2724 990 2784 quo
1014 2703 1124 2764 labore
1148 2705 1258 2767 desun-

203 2805 207 2815 ’
253 2815 396 2900 gendum
428 2820 524 2876 essct.
573 2811 666 2903 Quae
698 2810 829 2893 quidem
859 2808 996 2869 Homeri
1029 2810 1170 2870 carmina
1202 2807 1262 2868 etsi

251 2942 321 2982 ¹non
342 2937 471 2986 omnem
494 2912 646 2984 ambitum
668 2913 836 2980 maximam
869 2923 975 2972 tamen
1013 2922 1140 2994 partem
1170 2912 1260 2973 fabu-

253 3022 362 3088 larum
384 3019 575 3082 'l'roicarum
610 3015 891 3096 complectuntur5
923 3016 1068 3098 reliquae
1114 3016 1153 3076 ab
1194 3012 1263 3074 aliis

255 3129 362 3211 poetis
386 3123 514 3207 cyclicis
541 3123 586 3183 ita
610 3133 777 3184 enarratae
798 3129 889 3197 suut,
916 3130 954 3180 ut
984 3141 1055 3180 cum
1078 3121 1140 3180 illis
1163 3135 1258 3176 uuum

256 3237 349 3321 quasi
366 3245 499 3315 corpus,
522 3229 677 3290 circium
700 3239 862 3310 gestarum
885 3228 1002 3288 seriem
1024 3239 1159 3310 spectes,
1182 3239 1260 3283 cou-

256 3337 409 3412 licerent,
445 3341 480 3397 ut
502 3342 679 3412 apparete
715 3328 891 3392 carminum
928 3325 1143 3411 argumentis,
1175 3341 1260 3405 quae

256 3444 394 3506 Procius
417 3438 512 3501 nobis
533 3435 687 3500 servarit.
728 3439 851 3497 Eorum
874 3445 982 3497 autem
1002 3443 1173 3515 poetarum
1208 3453 1261 3513 cy-

224 3526 227 3547 1
258 3551 422 3613 elicorum
442 3544 682 3628 antiquissimus
704 3542 766 3604 fuit
797 3556 911 3604 auctor
932 3528 1114 3610 carminum
1129 3537 1261 3620 Cyprio-

258 3671 348 3727 rum,
371 3646 428 3710 scd
448 3647 629 3706 Homerum
650 3645 753 3705 multo
776 3643 988 3727 antiquiorem
1011 3658 1082 3715 esse
1105 3637 1260 3719 colligere

261 3751 341 3816 licet
361 3746 452 3834 inde,
474 3744 563 3830 quod
577 3765 614 3805 ea
636 3743 777 3810 carmina
799 3762 874 3807 cum
895 3737 992 3808 Iliade
1020 3737 1065 3798 ita
1088 3737 1259 3808 coniuncta

259 3865 355 3929 sunt,
389 3860 427 3912 ut
448 3849 488 3910 ad
510 3871 580 3912 eam
601 3861 753 3931 tanquam
776 3847 815 3908 ad
837 3845 1019 3908 absolutum
1042 3843 1205 3924 certisque
1225 3839 1262 3898 li·
1358 3829 1359 3842 ¹

259 3960 390 4024 mitibus
412 3956 693 4037 circumscriptum
715 3973 847 4026 carmen
867 3949 1060 4033 respiciant3
1084 3947 1172 4032 quod
1192 3943 1263 4003 lieri

260 4086 326 4151 qun
347 4074 498 4146 poterat,
531 4061 591 4122 nisi
625 4060 699 4134 ilias
730 4058 895 4122 iam'tum
916 4051 1070 4135 temporis
1093 4029 1290 4110 maximam·
