2722 4776
653 335 884 432 -55..'

256 535 399 598 omnium
427 557 446 598 a
472 537 614 620 posteris
647 536 813 600 celebrata
841 547 949 601 sancta
975 537 1105 600 numina
1134 535 1298 622 antiqui

254 653 373 724 poetae
393 651 449 704 ant
470 641 601 704 omnino
622 642 830 725 ignorabant,
853 654 909 703 ant
927 640 1026 723 longe
1042 635 1187 705 'diversa
1213 640 1296 700 sal·

253 753 321 808 tem
342 744 383 806 de
404 743 442 805 iis
464 740 645 808 tradebant.
666 777 706 790 ·-
727 747 816 812 Eam,
829 745 931 826 ipsam
945 761 1077 828 quoque
1096 740 1293 804 rationem

255 845 378 924 fuisse,
400 866 464 930 qua
485 845 662 908 utebantur
683 858 813 910 veteres
834 847 868 908 in
889 845 1026 908 deorum
1047 865 1189 908 suorum
1218 865 1292 906 no-

253 945 393 1010 minibus
414 943 583 1029 lingendis,
604 957 659 1010 aut
680 967 753 1009 cnm
775 967 830 1011 eos
853 967 925 1014 cum
946 946 1006 1010 diis
1027 947 1167 1008 aliarum
1191 965 1291 1028 gen·

255 1045 337 1107 tium
350 1058 584 1130 compararent,
606 1047 682 1108 satis
704 1059 847 1129 constat3
869 1059 903 1110 et
923 1047 996 1109 talis
1009 1045 1089 1108 haec
1109 1045 1205 1106 ratio
1224 1055 1288 1107 est

257 1162 442 1230 praetcrea,
464 1169 547 1234 quac
569 1156 604 1209 et
616 1168 727 1212 rerum
738 1149 948 1212 humanarum
961 1150 1090 1232 ingenio
1103 1159 1138 1211 et
1159 1151 1285 1226 totius

255 1251 411 1314 historiae
434 1261 554 1315 eventu
576 1264 859 1316 commonstretur.
888 1251 953 1314 Sed
975 1253 1085 1314 multis
1106 1271 1194 1336 opus
1221 1264 1285 1315 cst

255 1352 383 1434 verbis,
411 1362 449 1416 ut
469 1373 523 1416 res
545 1353 648 1418 omnis
670 1365 822 1417 accurate
843 1353 1047 1437 explicetur3
1076 1352 1116 1416 ad
1137 1373 1280 1436 propo·

257 1457 355 1522 situm
376 1459 487 1524 redeo.

336 1551 480 1623 Fabulae
509 1561 596 1624 iltius
625 1561 847 1626 enarrationes
879 1559 1061 1624 Scholiasta
1088 1569 1124 1623 et
1142 1561 1272 1622 Eusta-

256 1662 343 1724 thins
378 1664 418 1727 ad
439 1666 576 1728 Homeri
603 1665 638 1733 ll.
658 1667 695 1728 ll.
715 1667 834 1729 multas
865 1685 885 1728 e
916 1666 1014 1731 variis
1042 1664 1267 1748 scriptoribus

260 1762 414 1827 afferunt.
454 1766 606 1848 Vulgaris
627 1767 771 1829 narratio
798 1779 887 1846 erat,
920 1770 1033 1830 lovem
1063 1768 1096 1828 in
1125 1783 1271 1846 cycnum

257 1877 418 1932 mutatum
439 1891 457 1933 e
477 1871 568 1934 Leda
590 1871 746 1934 Helenam
770 1880 804 1934 et
823 1871 993 1934 Pollucem
1013 1868 1184 1950 genuisse3
1218 1869 1269 1931 cf.

257 1969 350 2035 Pind.
362 1973 454 2034 Nem.
466 1973 507 2051 X,
524 1973 579 2035 150
587 1994 598 2051 3
609 1973 723 2056 Eurip.
733 1971 847 2036 Helen.
862 1975 917 2053 183
930 1971 1049 2035 Troad.
1063 1973 1140 2054 3983
1151 1970 1265 2036 schot.

257 2071 372 2153 Enrip.
394 2069 435 2132 ad
456 2069 513 2134 Or.
533 2071 619 2154 4533
654 2075 766 2136 Treta.
788 2072 828 2134 ad
848 2074 925 2152 Lyc.
956 2073 1014 2152 883
1048 2069 1129 2133 Cbil.
1158 2075 1197 2150 11,
1225 2095 1259 2136 r.

258 2169 343 2252 6863
376 2191 394 2230 a
428 2172 579 2254 Tyndaro
599 2185 707 2234 autem
728 2171 902 2232 mortalem
923 2171 1093 2233 Castorem
1114 2172 1256 2255 genitum

259 2295 330 2338 esse
351 2275 473 2354 dicunt,
496 2278 547 2338 cui
567 2268 676 2340 tamen
696 2278 750 2339 alii
772 2279 881 2340 Iovem
904 2297 1036 2362 quoque
1056 2289 1182 2361 patrem
1201 2278 1252 2338 tri-

258 2383 412 2462 buobant,
433 2385 541 2448 Schol.
562 2389 643 2449 Eur.
665 2385 742 2448 Hec.
765 2389 836 2470 924.
877 2384 943 2447 Sed
974 2385 1014 2446 ab
1048 2384 1111 2447 boc
1132 2384 1252 2447 {abulae

258 2480 373 2544 ordine
395 2483 510 2563 multi,
544 2486 601 2569 qui
619 2483 833 2562 dissentiunt,
858 2484 1011 2545 Nemesin
1033 2484 1172 2546 Helenae
1191 2505 1253 2544 ma·

257 2591 343 2641 trem
365 2578 464 2644 fuisse
486 2583 629 2663 tradunt,
652 2584 768 2667 Cypria
797 2585 937 2646 carmina
963 2603 1013 2666 ap.
1034 2583 1150 2648 Athen.
1170 2584 1249 2659 Vlll,
1325 2643 1326 2646 ,

211 2751 214 2764 ,
257 2682 290 2760 3,
311 2699 383 2763 pag.
417 2683 489 2754 334.
508 2683 556 2767 B3
588 2686 721 2748 lsocrat.
742 2687 815 2747 Hel.
836 2707 908 2751 ene.
930 2685 986 2765 263
1007 2688 1137 2747 Pausaa.
1157 2683 1246 2762 tce,

257 2799 299 2869 73
320 2785 475 2867 Apollod.
496 2788 552 2865 111,
569 2808 624 2865 so,
641 2810 671 2869 7.
714 2789 900 2852 Tacta..ad
919 2793 996 2872 Lyc.
1028 2791 1079 2852 88.
1119 2791 1249 2849 'Poetaes
1325 2793 1326 2820 ¹

137 2941 139 2946 .
258 2906 368 2955 autem
388 2892 471 2956 bane
492 2893 635 2956 fabulam
656 2892 776 2956 affert:
810 2898 921 2960 lovem
945 2897 980 2955 in
1001 2913 1135 2976 cycnum
1155 2898 1250 2952 muta·
1325 2901 1326 2920 ¹

257 3006 328 3056 tum
349 2996 501 3058 Nemesin
523 2996 646 3060 Oceani
666 2995 765 3056 liliam
784 2997 948 3079 gravidam
970 2995 1105 3074 seciam,
1126 3013 1253 3078 eamque
1325 2989 1326 3012 .

259 3114 358 3158 ovum
378 3099 556 3180 peperisse,
579 3097 665 3181 quod
686 3116 760 3159 cum
781 3107 893 3180 pastor
913 3097 1027 3182 aliquis
1049 3099 1135 3159 forte
1148 3115 1254 3178 reper-

258 3209 330 3262 tum
357 3205 397 3264 ad
417 3203 540 3266 Ledam
562 3204 742 3282 attulisset,
776 3202 857 3264 baec
878 3202 1051 3284 diligenter
1072 3197 1250 3277 custodivit,

258 3313 294 3366 et
315 3305 480 3385 Helenam,
503 3329 585 3393 quac
606 3305 736 3368 tandem
756 3306 832 3368 inde
853 3306 994 3388 prodiit,
1015 3313 1053 3365 ut
1072 3325 1159 3364 suem
1178 3324 1251 3364 enn-

257 3410 361 3488 trivit,
383 3411 512 3494 quidam
534 3412 614 3472 adeo
637 3431 677 3472 ex
699 3409 813 3472 eodem
837 3429 900 3472 ovo
923 3411 1090 3470 Castorem
1112 3409 1199 3469 etiam
1217 3397 1266 3470 et'
1325 3483 1326 3496 χ

258 3513 428 3575 Pollucem
460 3515 573 3598 exiisse
595 3515 774 3578 tradebant.
816 3515 881 3576 Sed
902 3514 1124 3598 Apollodorus
1143 3517 1248 3576 Nemc—
1324 3535 1326 3620 y

218 3665 221 3672 .
259 3617 319 3695 sin,
337 3639 410 3678 cum
431 3616 561 3700 sugeret
574 3618 656 3680 lovis
668 3616 874 3696 connubium,
897 3618 930 3679 in
947 3637 1092 3680 anserem
1106 3629 1246 3678 mutatam

259 3743 330 3784 esse
351 3721 446 3800 dicit,
473 3742 570 3804 quam
592 3741 709 3803 cycnus
732 3722 836 3783 factus
860 3723 985 3805 iupiter
1006 3723 1244 3804 compressisset.
1325 3791 1326 3798 ἵ

261 3824 357 3904 Apud
378 3823 457 3883 alios
478 3821 654 3904 scriptores
677 3827 815 3886 {l'zetacs
837 3845 872 3886 se
894 3822 1010 3904 legisse
1032 3821 1127 3899 dicit,
1147 3821 1243 3882 lovem

258 3926 291 3988 in
323 3925 453 3988 stellam
473 3937 631 3987 mutatum
654 3926 821 3990 Castorem
845 3937 879 3990 et
899 3925 1090 4004 Pollucem,
1124 3943 1240 4009 cycnum
1325 3935 1326 3988 l

136 4042 137 4045 ¹
258 4026 380 4088 factum
402 4026 558 4092 Helenam
578 4027 738 4111 genuisse,
760 4027 851 4092 euius
870 4025 1000 4090 fabulae
1011 4019 1238 4110 explicationem
