2722 4776
663 418 863 482 ..50-

342 589 394 666 Ad
415 579 597 650 Menelaum
618 583 737 673 itaque,
760 587 816 671 qui
839 588 975 667 Spartae
997 607 1071 650 cum
1091 601 1199 648 uxore
1224 588 1286 650 vi-

259 690 369 770 vebat,
391 691 482 753 Paria
504 688 662 751 Troianus
684 690 830 770 advenit,
851 689 1059 774 hospitioque
1079 690 1149 752 eius
1174 709 1287 752 exce-

259 799 336 874 ptus
358 800 417 868 eat,
451 792 487 856 ll.
511 814 539 872 y,
562 785 631 876 345.
673 789 778 854 Variis
807 789 1063 868 narrationibus,
1090 808 1151 850 cur
1173 790 1288 850 Paris

259 891 293 951 in
317 889 484 952 Graeciam
512 893 641 953 venerit
667 901 701 953 et
729 913 829 976 qnare
853 914 870 953 a
890 893 1038 956 Menelao
1059 891 1287 974 potissimum
1339 920 1341 951 ι

259 990 400 1074 hospitio
429 1003 585 1074 exceptus
610 993 672 1069 sit,
701 993 862 1077 explicare
890 1005 1020 1056 veteres
1056 991 1287 1054 studuerunt.

258 1092 396 1152 Homeri
417 1101 523 1152 aetate
545 1092 736 1174 simpliciter
757 1105 924 1155 narratum
953 1098 1023 1155 esse
1044 1092 1187 1172 videtur,
1213 1115 1286 1154 na·
1345 1149 1346 1176 ,

258 1191 353 1253 vibus
374 1191 526 1253 Paridem
547 1193 716 1256 advenisse
738 1205 772 1257 et
804 1194 940 1277 hospitis
970 1195 1020 1256 sui
1046 1215 1183 1257 uxorem
1219 1215 1286 1255 ca·
1331 1208 1337 1241 ²

257 1304 347 1374 ptam
367 1294 472 1355 forma
494 1296 659 1376 peregrini
679 1295 841 1358 blanditiis
863 1308 897 1358 et
913 1296 1078 1380 promissis
1087 1296 1282 1379 pellectam
1345 1291 1346 1300 ¹

257 1395 297 1456 ab
330 1415 370 1457 eo
409 1407 443 1458 et
479 1397 650 1460 abductam
677 1415 768 1483 esse3
801 1399 892 1462 cuius
920 1401 970 1462 rei
996 1408 1111 1462 auctor
1138 1401 1280 1480 Venus,

256 1499 443 1582 nuptiarum
464 1501 665 1563 conciliatrix
686 1511 720 1562 et
741 1503 858 1563 amoris
877 1500 947 1580 dea,
968 1502 1067 1582 vulgo
1082 1499 1274 1564 terebatur.

210 1645 218 1684 ,Ι
257 1602 304 1662 lta
326 1621 456 1686 quoque
478 1581 594 1686 Cypria
614 1602 754 1664 carmina
775 1602 984 1680 tradiderant,
1006 1602 1065 1664 nisi
1081 1599 1169 1685 qnod
1185 1623 1271 1682 pro-

257 1703 386 1764 missam
415 1725 433 1764 a
462 1707 593 1770 Venere
625 1727 759 1768 uxorem
794 1708 904 1769 statim
935 1721 1013 1791 post
1044 1706 1191 1768 habitum
1226 1709 1270 1768 de

257 1811 363 1870 forma
396 1807 528 1870 dearum
556 1809 711 1872 iudicium
734 1833 751 1872 a
772 1811 889 1873 Paride
933 1811 1067 1874 navibus
1096 1810 1269 1872 fabricatis

211 1957 215 1965 .
258 1920 291 1971 et
307 1909 404 1971 sociis
426 1909 487 1971 sibi
507 1911 634 1992 iunctis,
657 1913 772 1996 quihus
784 1917 894 1982 Venus
917 1914 985 1997 ipsa
1006 1912 1108 1974 lilium
1126 1913 1271 1974 Aenean

258 2012 427 2094 addiderit,
441 2015 627 2098 -quaesitam
640 2036 710 2078 esse
723 2029 948 2081 narraverunt.
970 2017 1011 2078 cf.
1027 2000 1134 2077 Procl.
1149 2017 1267 2077 Alium

255 2119 386 2181 fabulae
407 2118 564 2198 ordinem,
585 2122 699 2181 iratam
709 2124 871 2189 Venerem
887 2120 1037 2202 Tyndaro
1060 2119 1171 2197 fuisse,
1194 2123 1265 2204 qui,

250 2217 330 2283 'cum
353 2224 470 2284 ceteris
493 2223 551 2283 diis
574 2223 730 2286 sacrificia
752 2223 937 2302 exhiberet,
958 2224 1059 2305 ipsam
1080 2223 1185 2296 solare
1204 2243 1259 2284 ne·

253 2330 424 2412 gleiisset,
447 2331 489 2392 ob
511 2352 606 2416 quam
621 2338 754 2394 'causam
776 2331 830 2391 illa
853 2329 935 2392 filias
955 2333 1024 2393 eius
1046 2353 1158 2394 amore
1185 2331 1251 2416 plu·

254 2432 337 2492 rium
359 2433 505 2495 virorum
527 2435 726 2516 corrupisset
748 2445 782 2495 et
803 2433 966 2494 adulteras
988 2434 1142 2513 fecisset,
1177 2434 1254 2495 anti·

256 2537 481 2620 quissimorum
510 2549 681 2622 poetarum
710 2537 845 2600 Hesiodi
874 2547 908 2598 et
929 2537 1140 2618 Stesichori,
1158 2539 1256 2621 ipsius

213 2675 218 2684 ι
256 2642 338 2702 adeo
361 2642 497 2702 Homeri
519 2641 710 2703 testimoniis
733 2638 928 2703 confirmare
944 2623 1058 2702 'studet
1081 2649 1175 2702 vetus
1204 2639 1253 2698 in-

253 2759 381 2830 terpres
398 2749 512 2829 Eurip.
527 2748 585 2812 Or.
607 2751 666 2832 239
689 2748 846 2828 (clatra).
868 2749 942 2807 Non
964 2745 1117 2807 abhorret
1135 2745 1171 2805 ab
1192 2765 1246 2803 an·

255 2834 406 2926 tiqnitate
418 2843 499 2907 ordo
511 2843 650 2922 fabulae,
673 2858 706 2905 et
717 2846 828 2906 similis
852 2858 901 2906 est
922 2846 1099 2908 narrationi
1120 2844 1157 2906 de
1170 2865 1252 2926 apro

253 2945 449 3026 Calydonio,
482 2947 521 3007 ab
547 2945 629 3008 irata
649 2947 751 3007 Diana
772 2948 936 3026 immisso,
966 2949 1052 3030 apud
1072 2952 1256 3011 Homerum
1345 2937 1346 2960 ³

251 3048 289 3108 ll.
313 3049 438 3128 msa.
480 3048 585 3111 Aliam
622 3065 750 3109 cansam
781 3048 848 3110 irae
869 3049 1008 3116 Veneris
1029 3046 1258 3130 Hephaestion

251 3157 340 3231 (pag.
363 3147 431 3230 247.
452 3149 509 3210 lin.
529 3149 584 3231 32)
618 3147 733 3226 affert,
765 3150 854 3234 quod
885 3152 1043 3232 promissa
1064 3171 1081 3210 a
1102 3150 1256 3212 Menelao
1345 3163 1346 3182 ¹

250 3251 443 3316 hecatombe
473 3255 536 3337 ipsi
555 3275 622 3314 uon
643 3252 758 3314 fuisset
779 3251 929 3313 exhibita.
958 3252 1128 3315 Acusilaus
1151 3274 1169 3311 a
1185 3253 1256 3318 Ve-

250 3377 330 3418 nere
352 3377 483 3442 quoque
513 3375 607 3419 omne
629 3355 753 3417 bellum
774 3355 951 3418 Troianum
978 3356 1152 3418 excitatum
1179 3375 1256 3419 esse

249 3455 328 3519 dicit
346 3458 432 3534 ideo,
454 3459 529 3541 quia
550 3471 625 3539 post
646 3457 765 3520 Troiae
785 3457 874 3519 urbis
897 3459 1055 3521 excidium
1075 3457 1177 3522 filium
1200 3482 1255 3522 sn·-

247 3580 303 3620 um
323 3568 534 3639 regnaturum
556 3575 625 3618 esse
646 3557 716 3617 Dea
738 3559 902 3640 cognitum
922 3556 1096 3620 habuisset.
1116 3591 1157 3602 —
1183 3558 1254 3620 Alii

247 3663 346 3724 Parin
367 3683 385 3722 a
406 3663 545 3740 Priamo,
568 3665 625 3744 qui
646 3662 688 3723 ob
710 3663 881 3726 abductam
901 3685 1049 3727 sororem
1071 3668 1251 3729 Hesionam

249 3767 382 3828 Graecis
411 3766 511 3826 iratus
533 3765 664 3845 suisset,
698 3768 832 3828 missum
862 3788 932 3830 esse
953 3778 1104 3850 narrant,
1135 3778 1173 3830 ut
1194 3781 1251 3830 aut

246 3872 413 3934 Hesionen
433 3883 603 3960 repeteret
623 3879 679 3960 aut
691 3871 787 3933 simili
806 3872 921 3934 iniuria
934 3873 1075 3937 Graecos
1088 3872 1247 3952 afficeret,

246 3974 340 4036 Serv.
361 3972 401 4034 ad
422 3973 566 4050 berall,
587 3992 639 4057 92.
680 3975 820 4056 laegatus
841 3975 932 4036 Paris
953 3975 985 4034 in
1000 3977 1169 4038 Graeciam
1190 3997 1244 4040 ve-

175 4153 178 4177 ,
244 4073 329 4136 nisse
349 4071 389 4136 ab
411 4073 480 4135 aliia
503 4072 650 4156 traditur,
672 4074 781 4138 Schol.
803 4077 839 4138 11.
853 4077 975 4162 y,3543
997 4089 1052 4140 aut
1070 4077 1246 4162 cupiditate
