2722 4776
694 416 898 484 ...66-

285 585 430 651 dantium
449 584 587 650 formam
608 587 754 652 Helenae
786 599 820 652 et
853 588 893 652 da
914 588 1069 653 Hecubae
1104 587 1137 651 in
1170 611 1305 652 nurum

284 691 464 776 praecipuo
485 688 598 754 favore
619 689 705 774 apud
726 692 883 777 quosdam
900 693 1067 777 leguntur.
1109 693 1306 756 Aberrasse

285 813 362 856 eum
382 789 424 854 ad
443 789 651 855 Phoeniciam
673 791 727 854 alii
749 793 916 874 dixerunt,
943 815 1017 858 cum
1046 794 1196 880 effugere
1228 811 1306 859 stu-

285 896 382 960 deret
412 906 651 982 persequentes
683 883 826 964 Graecos
835 917 846 970 3
878 897 989 962 Schol.
1024 901 1061 963 ll.
1085 897 1112 977 ζ,
1142 919 1219 986 2903
1261 901 1306 962 ad

286 1001 424 1080 Cariam,
446 1000 502 1062 nbi
522 1003 664 1085 Motylus
687 1001 818 1085 quidam
839 1021 914 1064 eum
936 1004 1102 1085 excepisse
1123 1014 1303 1074 narratum

282 1105 334 1166 St.
373 1106 452 1186 Bya.
488 1123 513 1168 s.
540 1123 572 1168 v.
611 1105 774 1183 Σαμυλία.
821 1107 904 1166 Erat
945 1104 1109 1188 divulgata
1159 1129 1304 1194 quoque

284 1233 347 1298 per
368 1210 594 1296 antiquitatem
617 1212 718 1289 fama,
748 1212 781 1274 in
803 1231 843 1274 eo
864 1210 982 1274 itinere
1002 1212 1152 1276 Paridem
1174 1215 1208 1277 in
1232 1218 1303 1279 Ae-

286 1328 422 1400 gyptum
441 1314 589 1394 venisse,
616 1314 708 1376 ouius
731 1314 860 1376 fabulae
881 1329 1033 1378 auctores
1053 1325 1166 1379 extant
1186 1319 1301 1382 Hero·

285 1419 385 1482 dotus
407 1420 447 1498 ll,
473 1436 539 1496 rra,
561 1439 615 1502 sq3
637 1417 843 1480 Stesichorus
867 1439 917 1502 ap.
931 1421 1042 1482 Tzetz.
1066 1419 1107 1481 ad
1119 1423 1196 1503 Lyc.
1218 1421 1300 1490 1133

283 1521 459 1605 Euripides
481 1523 514 1583 in
529 1523 655 1584 Helena
663 1544 673 1602 3
695 1521 738 1584 cf.
759 1523 947 1586 Philostrat.
969 1524 1101 1586 Heroic.
1122 1543 1195 1606 pag.
1216 1521 1298 1605 6673
1342 1545 1343 1556 ²

284 1627 449 1711 Lycopbr.
481 1649 529 1691 vs.
565 1631 644 1708 8203
677 1632 789 1690 Tzeta.
820 1628 860 1690 ad
888 1649 934 1692 vs.
964 1629 1038 1699 1033
1074 1626 1194 1695 Anteh.
1224 1633 1295 1710 ¹47·
1342 1633 1343 1662 ¹

184 1799 188 1812 ¹
284 1732 380 1796 Serv.
402 1730 544 1798 adden.
566 1733 606 1811 ll,
627 1732 698 1816 592.
738 1733 805 1793 Res
832 1730 901 1812 ipsa
922 1741 999 1792 nota
1020 1729 1095 1791 satis
1123 1739 1190 1792 est:
1224 1733 1295 1792 He·
1342 1765 1343 1772 κ

282 1835 358 1897 lena
377 1837 462 1898 enim
484 1857 502 1896 a
521 1836 644 1896 Proteo
667 1835 806 1918 Aegypti
833 1854 912 1916 rege
932 1847 1071 1912 retenta,
1096 1837 1187 1897 Paris
1217 1860 1293 1902 cum

283 1936 458 1998 simulacro
480 1935 625 1997 Helenae
647 1935 778 2016 Troiam
800 1932 983 2016 navigasse,
1016 1955 1080 2020 qua
1109 1951 1295 2020 expugnata

283 2041 449 2102 Menelaus
472 2048 588 2122 postea
609 2060 725 2101 errore
748 2051 781 2100 et
812 2045 1005 2120 tempestate
1028 2036 1069 2098 ad
1088 2039 1221 2103 easdem
1241 2065 1295 2107 re·

282 2146 396 2229 gioma
418 2144 568 2226 delapsus
596 2164 661 2206 non
691 2153 809 2206 tactam
830 2141 870 2203 ab
893 2140 1043 2204 adultero
1064 2165 1207 2218 uxorem,
1232 2151 1296 2210 sal-

283 2265 359 2312 vam
379 2265 592 2328 recuperasse
614 2245 742 2307 dieitur.
773 2245 871 2307 Cuius
886 2247 1080 2308 narrationis
1101 2268 1197 2312 nemo
1209 2252 1290 2312 alius

285 2359 401 2411 auctor
421 2347 535 2410 haberi
555 2357 684 2432 potest,
706 2371 804 2434 quam
824 2351 978 2434 Aegyptii
999 2352 1078 2436 ipsi,
1112 2375 1193 2440 quos
1212 2357 1288 2418 talia
1344 2391 1345 2456 l

282 2469 368 2515 vano
399 2451 507 2514 studio
529 2449 658 2514 finxisse
679 2453 868 2516 Herodotus
896 2457 965 2539 ipse
988 2460 1060 2539 (Ill,
1083 2467 1117 2536 a)
1139 2471 1287 2526 testatur.

285 2551 386 2643 Quod
408 2561 516 2615 autem
543 2553 627 2614 idem
649 2551 824 2616 historicus
860 2574 928 2639 cap.
965 2581 1021 2642 ¹¹7
1049 2580 1067 2621 e
1096 2560 1289 2622 carminibus

283 2653 410 2735 Cypriis
433 2673 467 2714 sc
491 2650 613 2714 afferre
635 2652 736 2730 dicit,
767 2651 867 2715 trium
900 2654 1024 2718 dierum
1052 2658 1167 2721 itinere
1185 2659 1283 2719 Parin

284 2754 531 2818 Lacedaemona
556 2754 686 2817 Troiam
708 2753 854 2833 venisse,
874 2773 947 2816 cum
968 2757 1024 2837 iis,
1046 2779 1128 2843 quae
1145 2755 1282 2818 Proclus

282 2858 317 2920 in
351 2864 541 2941 argumento
565 2875 679 2917 eorum
701 2857 877 2918 carminum
899 2855 1013 2939 affert,
1043 2883 1139 2945 quem
1158 2859 1290 2944 potissi·

283 2979 373 3021 mum
393 2972 561 3022 auctorem
582 2959 784 3044 sequendum
806 2978 877 3022 esse
897 2981 993 3022 nemo
1016 2960 1190 3040 dubitabit,
1211 2981 1292 3024 con-

285 3069 388 3132 ciliari
408 3069 500 3130 nullo
522 3066 620 3129 modo
641 3073 761 3148 potest.
805 3067 1004 3150 lnterpolata
1025 3047 1096 3129 esse
1118 3069 1174 3130 illa
1195 3087 1291 3151 argu-

256 3171 260 3184 '
285 3171 386 3233 menti
406 3168 509 3233 verba
531 3181 565 3229 ot
585 3168 712 3251 spuria,
746 3167 854 3230 addita
876 3167 915 3229 ab
936 3187 987 3248 eo,
1009 3169 1065 3254 qui
1088 3170 1198 3252 Cyprii
1218 3189 1289 3231 car·

284 3257 378 3336 minis
400 3273 617 3334 narrationem
641 3290 713 3332 cum
726 3271 864 3333 Homeri
885 3271 1025 3333 carmine
1048 3292 1225 3354 congruam
1245 3273 1292 3335 fa-

286 3395 363 3439 cere
383 3374 553 3448 voluisset,
577 3371 697 3434 iudicat
717 3372 913 3436 Wiillneruc
936 3373 975 3434 de
996 3373 1093 3454 cyclo·
1110 3374 1192 3455 epio.
1212 3393 1291 3456 pag.

284 3477 342 3560 73,
372 3495 481 3556 neque
503 3455 665 3534 Herodoti
694 3472 804 3536 verbis
832 3470 930 3533 fidem
965 3473 1184 3557 denegandam
1218 3497 1295 3540 esse

285 3578 462 3643 contendit.
505 3575 590 3637 lllud
610 3584 719 3636 tamen
740 3573 857 3652 miror,
887 3573 975 3658 quod
995 3594 1091 3638 nemo
1112 3577 1194 3637 alius
1214 3599 1295 3639 nar-

284 3683 443 3744 rationem
466 3681 575 3763 Cyprii
599 3679 749 3741 carminis
771 3689 927 3762 sequutus
950 3687 1016 3759 est,
1034 3679 1099 3740 ¹sed
1121 3699 1232 3742 omnes
1259 3681 1296 3741 in

284 3785 323 3848 iis
345 3783 561 3862 consentiunt,
583 3801 666 3867 qnae
686 3784 850 3844 Homerus
878 3780 986 3843 tradit.
1027 3785 1148 3845 Totum
1169 3803 1294 3846 annum

285 3909 412 3951 errasse
434 3887 653 3949 Alexandrum
675 3889 813 3949 Taetzea
834 3886 952 3948 Anteb.
983 3877 1040 3957 140
1069 3886 1157 3951 dicit.
1199 3888 1296 3951 Fieri

285 4001 395 4055 autem
416 3995 536 4077 potuit,
559 4002 596 4055 ut
615 3989 804 4054 Herodotus
826 4002 860 4051 et
879 3988 1017 4050 Proclus
1039 3990 1198 4052 diversam
1219 3989 1293 4050 edi·

284 4095 408 4160 tionem
437 4094 581 4159 eiusdem
609 4092 756 4158 carminis
788 4101 862 4155 ante
897 4093 1009 4154 oculos
1044 4091 1221 4173 haberent,
1253 4105 1292 4155 et
