2626 4768
683 355 911 424 -134..

286 529 438 618 genuisse
451 525 560 592 refert
577 546 618 592 ex
637 525 856 612 Thesprotide
866 527 962 588 Paua.
976 525 1000 590 l.
1011 525 1041 590 l.
1070 525 1263 590 Telemaeln

288 633 343 696 alii
364 631 553 696 Nausieoam
573 651 711 694 uxorem
734 629 861 694 duxisse
882 629 1121 708 tradiderunt,
1148 629 1263 691 Helluis

283 733 327 801 fr.
351 740 392 820 94
413 756 446 816 p.
470 733 536 799 123.
561 733 646 824 Dict.
666 734 723 810 Vl,
750 733 781 796 i).
802 731 891 794 Suid.
916 753 942 794 s.
963 753 994 798 v.
1025 730 1263 816 'Afflpoxr'dqu

287 859 351 920 qua
371 835 474 899 lilium
496 837 661 920 genuisset
677 833 1016 920 Ptoliporthum3
1043 835 1263 917 Persepoli

286 959 361 1000 eum
374 937 477 1001 lilium
489 937 634 1001 nominat
645 934 826 1019 Stephanus
839 938 916 1018 Byr.
927 955 952 997 s.
964 957 997 1000 v.
1014 937 1070 998 cf.
1092 935 1235 1000 Eustatlr.
1250 933 1264 994 a

285 1037 352 1101 Od.
373 1059 406 1110 π,
431 1039 497 1100 118.
539 1035 702 1100 Hesiodus
723 1054 858 1098 uxorem
880 1035 1079 1098 Telemachi
1097 1029 1264 1097 Nestorisi

281 1143 359 1208 liam
384 1144 581 1228 Polycasten
607 1141 709 1205 fuisse
739 1139 935 1218 tradiderat,
962 1143 1064 1204 Eust.
1098 1141 1123 1202 l.
1145 1142 1169 1206 1.
1207 1137 1264 1200 Tele

282 1244 399 1310 macho
420 1245 527 1308 lilium
547 1246 699 1306 Latinum
720 1261 739 1302 e
761 1242 870 1323 Circe,
891 1242 1068 1326 Telegono
1093 1264 1115 1306 e
1136 1242 1264 1322 Peneus

282 1346 399 1412 Italum
431 1355 545 1410 netum
580 1365 653 1408 esse
691 1343 835 1426 Hyginus
871 1343 895 1408 f.
933 1343 990 1408 126
1022 1344 1155 1408 refert.
1195 1345 1265 1404 Fuso

280 1451 380 1514 etiam
401 1451 549 1516 civitates
572 1450 691 1528 ltaliae,
713 1468 791 1532 quas
817 1447 857 1509 als
877 1447 926 1510 lais
948 1447 1106 1510 conditas
1130 1443 1265 1508 essediee

280 1564 373 1633 rent;
404 1553 451 1614 sic
479 1573 519 1616 ex
546 1551 725 1625 Aristotele
746 1549 940 1614 Plutarchus
962 1553 1092 1614 Perall.
1116 1551 1156 1614 41
1185 1547 1265 1614 refert

281 1655 486 1718 Praenesten
508 1654 548 1716 ab
570 1675 610 1720 co
631 1653 794 1716 conditam
813 1673 896 1732 esse,
917 1654 1116 1738 Argyllinae
1131 1663 1264 1714 auctores

283 1775 360 1818 eum
381 1755 515 1819 Servius
537 1766 705 1831 memorat,
727 1753 768 1815 ad
785 1754 867 1820 Aen.
879 1755 965 1832 Vlll,
986 1759 1050 1840 479
1059 1775 1072 1834 3
1098 1750 1255 1816 Telemacl

283 1856 429 1922 Clusium
461 1853 619 1938 originem
652 1853 774 1918 debera
800 1853 1042 1934 memorabant,
1076 1854 1124 1919 ef.
1145 1854 1229 1915 Serv.

165 1961 169 1970 ’
282 1959 324 2028 A.
345 1960 386 2042 X,
407 1959 482 2043 ¹⁶73
503 1962 659 2022 Romen
681 1959 750 2022 eius
770 1957 872 2022 filiam
893 1957 957 2020 diei
977 1978 1083 2040 snpra
1105 1954 1263 2023 referebas

284 2081 360 2126 eum
372 2057 570 2122 asirenibus
591 2059 734 2124 occisum
756 2077 826 2121 esse
846 2055 1012 2120 fabulatur
1033 2057 1131 2124 Ptol.
1150 2052 1260 2136 Hephae

281 2163 372 2233 stion
396 2185 446 2246 ap.
468 2160 528 2224 Ph.
549 2183 582 2244 p.
603 2163 674 2226 253.
697 2162 720 2232 l.
746 2185 793 2243 ¹7·

362 2265 555 2346 Trampyiee
583 2265 616 2326 in
644 2262 747 2346 Epiro
775 2262 876 2330 divini
903 2261 1050 2356 honores·
1069 2261 1179 2348 Ulyssi
1198 2253 1256 2318 exli·

282 2363 345 2430 hiti
365 2383 437 2426 esse
459 2361 620 2442 dicuntur,
643 2366 754 2432 Treta.
771 2361 813 2426 ad
827 2364 905 2444 Lye.
926 2365 1004 2442 8003
1027 2351 1252 2426 Oraculrneius

286 2468 375 2536 idem
395 2478 629 2536 commemorat
650 2487 692 2529 ex
711 2468 890 2531 Aristotele
912 2468 1004 2534 ad'v.
1023 2492 1103 2557 799.

364 2576 577 2660 Opportunus
589 2575 643 2637 hic
659 2577 750 2648 locus
762 2573 903 2656 videtur,
915 2585 954 2646 nt
962 2578 1076 2660 paucis
1097 2571 1255 2639 defarina

279 2680 339 2752 illo
347 2681 522 2746 mulierum
534 2682 754 2750 Troianorum
766 2701 867 2766 agam,
879 2703 962 2767 quae
974 2704 1075 2750 naves
1088 2699 1206 2752 eorum,
1223 2665 1260 2754 qli

284 2779 341 2851 eas
354 2785 497 2868 captivas
509 2785 671 2850 ducebant
681 2807 700 2850 e
708 2787 824 2871 patria,
846 2787 1060 2856 combussisse
1074 2789 1222 2855 dicuntun
1239 2749 1267 2830 el!

283 2889 400 2952 urbem
434 2886 594 2972 quandam
623 2888 817 2954 condidisse.
860 2890 898 2952 ld
927 2913 993 2954 non
1020 2913 1090 2957 uno
1122 2891 1190 2952 loco
1216 2893 1260 2938 nor

280 2993 339 3064 uni
361 2996 562 3058 Graecorum
584 2994 723 3078 principi
744 2996 897 3060 accidisse
917 3013 1084 3082 narratur,
1114 3005 1151 3060 ut
1169 2980 1257 3052 Slr⁸b⁰

282 3097 340 3174 Vl,
353 3117 386 3180 p.
404 3097 466 3166 405
486 3095 574 3157 dicit.
611 3097 860 3178 Agamemnonis
883 3101 1027 3182 captivas
1048 3099 1094 3176 id,
1115 3097 1256 3179 poslqfllffl

286 3204 417 3272 Cretam
448 3205 666 3286 appulissent,
699 3202 786 3271 inter
817 3204 1011 3270 sacrificium
1043 3204 1158 3270 fecisse
1176 3187 1254 3258 refert

284 3307 398 3370 Snidas
420 3329 445 3369 s.
466 3327 499 3370 v.
522 3303 554 3370 oi
575 3307 711 3390 Κρῆτες
731 3304 792 3390 τὴν
813 3310 959 3393 daurom
988 3310 1106 3373 Strabo
1128 3307 1150 3368 l.
1169 3303 1187 3368 l.
1205 3306 1254 3376 Pii·

158 3447 166 3458 ·
283 3406 548 3480 assuendum
579 3407 735 3491 oppidum
768 3412 801 3472 an
830 3413 923 3474 000
954 3410 1101 3474 inlesos
1126 3427 1164 3468 ω
1183 3387 1254 3460 mo<to

283 3505 444 3568 conditam
468 3527 538 3570 esse
561 3507 670 3586 tradit,
693 3509 849 3592 quivero
871 3513 895 3576 ii
914 3512 1114 3576 Graecorum
1135 3499 1254 3566 fuissent

283 3633 349 3674 non
370 3608 527 3673 nominat.
569 3611 689 3672 Priami
715 3632 847 3676 sorores
880 3613 1117 3697 Aethyllam
1143 3613 1252 3702 Astyl·

284 3711 390 3782 chen
423 3709 733 3774 Medesicasten
763 3720 802 3778 nt
833 3713 1029 3794 captivitatis
1058 3726 1092 3780 et
1117 3703 1250 3772 servitum

281 3815 445 3879 miseriam
479 3811 683 3896 effugerent,
712 3814 746 3876 id
777 3815 947 3884 eonsilium
968 3819 1084 3882 ceteris
1106 3807 1215 3876 dedisse
1231 3797 1253 3854 et

282 3919 316 3982 in
338 3938 378 3982 eo
410 3915 602 4000 exequendo
632 3917 795 4000 principes
823 3917 922 3980 luisse
949 3931 1060 3984 narrat
1087 3887 1247 3980 Tsetaessd

281 4023 359 4105 [syc.
380 4040 457 4108 9213
481 4018 522 4086 cf.
538 4021 652 4088 Conon
674 4041 761 4089 narr.
783 4041 832 4090 ar.
866 4022 989 4087 Eadem
1001 4022 1126 4088 nomina
1136 4013 1246 4078 filiast111
