<?xml version="1.0" encoding="UTF-8"?>
<!DOCTYPE html PUBLIC "-//W3C//DTD XHTML 1.0 Transitional//EN"
    "http://www.w3.org/TR/xhtml1/DTD/xhtml1-transitional.dtd">
<html xmlns="http://www.w3.org/1999/xhtml" xml:lang="en" lang="en">
 <head>
  <title>
</title>
<meta http-equiv="Content-Type" content="text/html;charset=utf-8" />
  <meta name='ocr-system' content='tesseract 3.04.00' />
  <meta name='ocr-capabilities' content='ocr_page ocr_carea ocr_par ocr_line ocrx_word'/>
</head>
<body>
  <div class='ocr_page' id='page_1' title='image "./devarietatefabu00fuchgoog_0109.png"; bbox 0 0 2626 4768; ppageno 0'>
   <div class='ocr_carea' id='block_1_1' title="bbox 655 367 878 438">
    <p class='ocr_par' dir='ltr' id='par_1_1' title="bbox 655 367 878 438">
     <span class='ocr_line' id='line_1_1' title="bbox 655 367 878 438; baseline 0.013 -21"><span class='ocrx_word' id='word_1_1' title='bbox 655 367 878 438; x_wconf 80' lang='lat'>-106-</span> 
     </span>
    </p>
   </div>
   <div class='ocr_carea' id='block_1_2' title="bbox 243 542 1306 2362">
    <p class='ocr_par' dir='ltr' id='par_1_2' title="bbox 258 542 1304 1450">
     <span class='ocr_line' id='line_1_2' title="bbox 259 542 1301 628; baseline 0.001 -20"><span class='ocrx_word' id='word_1_2' title='bbox 259 547 355 628; x_wconf 63' lang='lat' dir='ltr'><strong>Byen</strong></span> <span class='ocrx_word' id='word_1_3' title='bbox 382 552 572 626; x_wconf 85' lang='lat' dir='ltr'><strong>corruptum</strong></span> <span class='ocrx_word' id='word_1_4' title='bbox 596 542 679 606; x_wconf 89' lang='lat' dir='ltr'><strong>illud</strong></span> <span class='ocrx_word' id='word_1_5' title='bbox 690 542 944 606; x_wconf 87' lang='lat' dir='ltr'><strong>lllentorensium</strong></span> <span class='ocrx_word' id='word_1_6' title='bbox 974 560 1093 606; x_wconf 89' lang='lat' dir='ltr'><strong>nomen</strong></span> <span class='ocrx_word' id='word_1_7' title='bbox 1119 552 1217 606; x_wconf 88' lang='lat' dir='ltr'><strong>muta</strong></span> <span class='ocrx_word' id='word_1_8' title='bbox 1238 559 1301 619; x_wconf 52' lang='lat' dir='ltr'><strong>et,</strong></span> 
     </span>
     <span class='ocr_line' id='line_1_3' title="bbox 258 647 1280 733; baseline 0.001 -21"><span class='ocrx_word' id='word_1_9' title='bbox 258 652 333 732; x_wconf 79' lang='lat' dir='ltr'><strong>lege</strong></span> <span class='ocrx_word' id='word_1_10' title='bbox 364 647 671 711; x_wconf 87' lang='lat' dir='ltr'><strong>Neandriorum</strong></span> <span class='ocrx_word' id='word_1_11' title='bbox 706 648 888 727; x_wconf 84' lang='lat' dir='ltr'><strong>civitatem3</strong></span> <span class='ocrx_word' id='word_1_12' title='bbox 925 667 1021 730; x_wconf 88' lang='lat' dir='ltr'><strong>quam</strong></span> <span class='ocrx_word' id='word_1_13' title='bbox 1039 649 1152 733; x_wconf 83' lang='lat' dir='ltr'><strong>itaque</strong></span> <span class='ocrx_word' id='word_1_14' title='bbox 1176 653 1280 713; x_wconf 90' lang='lat' dir='ltr'><strong>nullo</strong></span> 
     </span>
     <span class='ocr_line' id='line_1_4' title="bbox 258 752 1278 834; baseline 0.002 -21"><span class='ocrx_word' id='word_1_15' title='bbox 258 753 431 814; x_wconf 79' lang='lat' dir='ltr'><strong>resistente</strong></span> <span class='ocrx_word' id='word_1_16' title='bbox 453 763 579 834; x_wconf 86' lang='lat' dir='ltr'><strong>captam</strong></span> <span class='ocrx_word' id='word_1_17' title='bbox 607 772 672 814; x_wconf 92' lang='lat' dir='ltr'><strong>non</strong></span> <span class='ocrx_word' id='word_1_18' title='bbox 699 764 808 815; x_wconf 88' lang='lat' dir='ltr'><strong>tamen</strong></span> <span class='ocrx_word' id='word_1_19' title='bbox 831 757 1033 814; x_wconf 80' lang='lat' dir='ltr'><strong>everterunt</strong></span> <span class='ocrx_word' id='word_1_20' title='bbox 1054 752 1179 814; x_wconf 88' lang='lat' dir='ltr'><strong>Graeci</strong></span> <span class='ocrx_word' id='word_1_21' title='bbox 1211 753 1278 815; x_wconf 86' lang='lat' dir='ltr'><strong>sed</strong></span> 
     </span>
     <span class='ocr_line' id='line_1_5' title="bbox 259 849 1281 936; baseline 0.004 -24"><span class='ocrx_word' id='word_1_22' title='bbox 259 864 479 936; x_wconf 89' lang='lat' dir='ltr'><strong>pepercerunt</strong></span> <span class='ocrx_word' id='word_1_23' title='bbox 501 849 751 933; x_wconf 73' lang='lat' dir='ltr'><strong>deprecantibus</strong></span> <span class='ocrx_word' id='word_1_24' title='bbox 777 851 913 930; x_wconf 88' lang='lat' dir='ltr'><strong>incolis,</strong></span> <span class='ocrx_word' id='word_1_25' title='bbox 945 864 983 915; x_wconf 90' lang='lat' dir='ltr'><strong>ut</strong></span> <span class='ocrx_word' id='word_1_26' title='bbox 1001 851 1116 936; x_wconf 82' lang='lat' dir='ltr'><strong>Dictys</strong></span> <span class='ocrx_word' id='word_1_27' title='bbox 1148 855 1281 916; x_wconf 81' lang='lat' dir='ltr'>refert.</span> 
     </span>
     <span class='ocr_line' id='line_1_6' title="bbox 260 948 1280 1035; baseline 0.001 -21"><span class='ocrx_word' id='word_1_28' title='bbox 260 952 360 1035; x_wconf 82' lang='lat' dir='ltr'>Cycni</span> <span class='ocrx_word' id='word_1_29' title='bbox 390 948 448 1011; x_wconf 83' lang='lat' dir='ltr'><strong>filii</strong></span> <span class='ocrx_word' id='word_1_30' title='bbox 470 951 566 1014; x_wconf 87' lang='lat' dir='ltr'><strong>Cohis</strong></span> <span class='ocrx_word' id='word_1_31' title='bbox 595 964 628 1015; x_wconf 90' lang='lat' dir='ltr'><strong>et</strong></span> <span class='ocrx_word' id='word_1_32' title='bbox 650 952 805 1014; x_wconf 75' lang='lat' dir='ltr'>Curianus</span> <span class='ocrx_word' id='word_1_33' title='bbox 829 952 961 1016; x_wconf 84' lang='lat' dir='ltr'><strong>Graecis</strong></span> <span class='ocrx_word' id='word_1_34' title='bbox 988 951 1098 1014; x_wconf 80' lang='lat' dir='ltr'><strong>traditi</strong></span> <span class='ocrx_word' id='word_1_35' title='bbox 1118 963 1210 1032; x_wconf 82' lang='lat' dir='ltr'><strong>sunt,</strong></span> <span class='ocrx_word' id='word_1_36' title='bbox 1237 967 1280 1016; x_wconf 87' lang='lat' dir='ltr'><strong>ut</strong></span> 
     </span>
     <span class='ocr_line' id='line_1_7' title="bbox 261 1051 1281 1140; baseline 0.002 -22"><span class='ocrx_word' id='word_1_37' title='bbox 261 1055 384 1118; x_wconf 81' lang='lat' dir='ltr'>Glauce</span> <span class='ocrx_word' id='word_1_38' title='bbox 406 1075 537 1140; x_wconf 88' lang='lat' dir='ltr'><strong>quoque</strong></span> <span class='ocrx_word' id='word_1_39' title='bbox 563 1054 643 1133; x_wconf 88' lang='lat' dir='ltr'><strong>lilia,</strong></span> <span class='ocrx_word' id='word_1_40' title='bbox 672 1075 767 1140; x_wconf 88' lang='lat' dir='ltr'><strong>quam</strong></span> <span class='ocrx_word' id='word_1_41' title='bbox 800 1051 884 1118; x_wconf 84' lang='lat' dir='ltr'><strong>dono</strong></span> <span class='ocrx_word' id='word_1_42' title='bbox 906 1053 987 1116; x_wconf 84' lang='lat' dir='ltr'><strong>Aiax</strong></span> <span class='ocrx_word' id='word_1_43' title='bbox 1019 1055 1156 1138; x_wconf 87' lang='lat' dir='ltr'><strong>accepit.</strong></span> <span class='ocrx_word' id='word_1_44' title='bbox 1201 1058 1281 1120; x_wconf 83' lang='lat' dir='ltr'><strong>La·</strong></span> 
     </span>
     <span class='ocr_line' id='line_1_8' title="bbox 259 1157 1279 1243; baseline 0.005 -23"><span class='ocrx_word' id='word_1_45' title='bbox 259 1157 408 1220; x_wconf 88' lang='lat' dir='ltr'><strong>odicen</strong></span> <span class='ocrx_word' id='word_1_46' title='bbox 452 1159 550 1241; x_wconf 83' lang='lat' dir='ltr'><strong>Cycni</strong></span> <span class='ocrx_word' id='word_1_47' title='bbox 581 1157 679 1222; x_wconf 86' lang='lat' dir='ltr'><strong>filiam</strong></span> <span class='ocrx_word' id='word_1_48' title='bbox 707 1160 813 1243; x_wconf 86' lang='lat' dir='ltr'><strong>Ulyssi</strong></span> <span class='ocrx_word' id='word_1_49' title='bbox 846 1160 934 1223; x_wconf 86' lang='lat' dir='ltr'><strong>dono</strong></span> <span class='ocrx_word' id='word_1_50' title='bbox 964 1160 1069 1222; x_wconf 87' lang='lat' dir='ltr'><strong>datam</strong></span> <span class='ocrx_word' id='word_1_51' title='bbox 1097 1181 1171 1224; x_wconf 85' lang='lat' dir='ltr'><strong>esse</strong></span> <span class='ocrx_word' id='word_1_52' title='bbox 1203 1185 1279 1224; x_wconf 88' lang='lat' dir='ltr'><strong>me-</strong></span> 
     </span>
     <span class='ocr_line' id='line_1_9' title="bbox 258 1254 1304 1342; baseline 0.008 -18"><span class='ocrx_word' id='word_1_53' title='bbox 258 1274 365 1324; x_wconf 89' lang='lat' dir='ltr'><strong>morat</strong></span> <span class='ocrx_word' id='word_1_54' title='bbox 386 1259 581 1326; x_wconf 75' lang='lat' dir='ltr'><strong>scholiastes</strong></span> <span class='ocrx_word' id='word_1_55' title='bbox 615 1262 655 1322; x_wconf 89' lang='lat' dir='ltr'><strong>ad</strong></span> <span class='ocrx_word' id='word_1_56' title='bbox 689 1264 725 1326; x_wconf 87' lang='grc' dir='ltr'><strong>ΙΙ.</strong></span> <span class='ocrx_word' id='word_1_57' title='bbox 759 1287 791 1338; x_wconf 87' lang='grc' dir='ltr'><strong>α,</strong></span> <span class='ocrx_word' id='word_1_58' title='bbox 822 1265 894 1342; x_wconf 83' lang='grc' dir='ltr'><strong>ι38;</strong></span> <span class='ocrx_word' id='word_1_59' title='bbox 927 1264 1042 1329; x_wconf 87' lang='lat' dir='ltr'><strong>urhem</strong></span> <span class='ocrx_word' id='word_1_60' title='bbox 1063 1286 1081 1325; x_wconf 90' lang='lat' dir='ltr'><strong>a</strong></span> <span class='ocrx_word' id='word_1_61' title='bbox 1100 1254 1304 1332; x_wconf 44' lang='lat' dir='ltr'><strong>Diomede¹</strong></span> 
     </span>
     <span class='ocr_line' id='line_1_10' title="bbox 260 1367 922 1450; baseline 0.002 -18"><span class='ocrx_word' id='word_1_62' title='bbox 260 1376 388 1450; x_wconf 89' lang='lat' dir='ltr'><strong>ceptam</strong></span> <span class='ocrx_word' id='word_1_63' title='bbox 411 1389 481 1432; x_wconf 87' lang='lat' dir='ltr'><strong>esse</strong></span> <span class='ocrx_word' id='word_1_64' title='bbox 506 1367 584 1430; x_wconf 89' lang='lat' dir='ltr'><strong>dicit</strong></span> <span class='ocrx_word' id='word_1_65' title='bbox 606 1371 740 1433; x_wconf 89' lang='lat' dir='ltr'><strong>loannes</strong></span> <span class='ocrx_word' id='word_1_66' title='bbox 761 1371 836 1431; x_wconf 85' lang='lat' dir='ltr'><strong>Mal.</strong></span> <span class='ocrx_word' id='word_1_67' title='bbox 856 1372 879 1433; x_wconf 92' lang='lat' dir='ltr'><strong>l.</strong></span> <span class='ocrx_word' id='word_1_68' title='bbox 900 1372 922 1433; x_wconf 94' lang='lat' dir='ltr'><strong>l.</strong></span> 
     </span>
    </p>

    <p class='ocr_par' dir='ltr' id='par_1_3' title="bbox 243 1470 1306 2362">
     <span class='ocr_line' id='line_1_11' title="bbox 344 1470 1275 1550; baseline 0.006 -18"><span class='ocrx_word' id='word_1_69' title='bbox 344 1471 521 1534; x_wconf 83' lang='lat' dir='ltr'><strong>Consilium</strong></span> <span class='ocrx_word' id='word_1_70' title='bbox 543 1470 628 1534; x_wconf 92' lang='lat' dir='ltr'><strong>illud</strong></span> <span class='ocrx_word' id='word_1_71' title='bbox 649 1471 861 1550; x_wconf 84' lang='lat' dir='ltr'><strong>Graecorum,</strong></span> <span class='ocrx_word' id='word_1_72' title='bbox 882 1474 1002 1537; x_wconf 82' lang='lat' dir='ltr'><strong>vicinus</strong></span> <span class='ocrx_word' id='word_1_73' title='bbox 1024 1475 1110 1540; x_wconf 87' lang='lat' dir='ltr'><strong>circa</strong></span> <span class='ocrx_word' id='word_1_74' title='bbox 1132 1476 1275 1540; x_wconf 79' lang='lat' dir='ltr'>Troiam</span> 
     </span>
     <span class='ocr_line' id='line_1_12' title="bbox 258 1561 1304 1656; baseline -0.002 -20"><span class='ocrx_word' id='word_1_75' title='bbox 258 1561 405 1640; x_wconf 81' lang='lat' dir='ltr'><strong>civitates</strong></span> <span class='ocrx_word' id='word_1_76' title='bbox 428 1573 630 1656; x_wconf 81' lang='lat' dir='ltr'><strong>expugnandi</strong></span> <span class='ocrx_word' id='word_1_77' title='bbox 651 1575 678 1636; x_wconf 94' lang='lat' dir='ltr'><strong>si</strong></span> <span class='ocrx_word' id='word_1_78' title='bbox 699 1593 763 1635; x_wconf 88' lang='lat' dir='ltr'><strong>non</strong></span> <span class='ocrx_word' id='word_1_79' title='bbox 792 1572 917 1654; x_wconf 77' lang='lat' dir='ltr'><strong>cepisse</strong></span> <span class='ocrx_word' id='word_1_80' title='bbox 946 1585 979 1634; x_wconf 89' lang='lat' dir='ltr'><strong>at</strong></span> <span class='ocrx_word' id='word_1_81' title='bbox 1014 1584 1171 1638; x_wconf 85' lang='lat' dir='ltr'><strong>executos</strong></span> <span class='ocrx_word' id='word_1_82' title='bbox 1196 1595 1269 1637; x_wconf 86' lang='lat' dir='ltr'><strong>csse</strong></span> <span class='ocrx_word' id='word_1_83' title='bbox 1303 1594 1304 1597; x_wconf 44' lang='lat'>¹</span> 
     </span>
     <span class='ocr_line' id='line_1_13' title="bbox 243 1667 1269 1756; baseline 0.005 -24"><span class='ocrx_word' id='word_1_84' title='bbox 243 1671 402 1752; x_wconf 30' lang='lat' dir='ltr'><strong>,Graecos</strong></span> <span class='ocrx_word' id='word_1_85' title='bbox 438 1670 539 1730; x_wconf 85' lang='lat' dir='ltr'><strong>tradit</strong></span> <span class='ocrx_word' id='word_1_86' title='bbox 574 1671 738 1735; x_wconf 79' lang='lat' dir='ltr'><strong>Homerus</strong></span> <span class='ocrx_word' id='word_1_87' title='bbox 777 1667 841 1732; x_wconf 90' lang='lat' dir='ltr'><strong>Od.</strong></span> <span class='ocrx_word' id='word_1_88' title='bbox 884 1692 914 1751; x_wconf 80' lang='lat' dir='ltr'><strong>y,</strong></span> <span class='ocrx_word' id='word_1_89' title='bbox 956 1675 1013 1742; x_wconf 76' lang='lat'><strong>¹04</strong></span> <span class='ocrx_word' id='word_1_90' title='bbox 1048 1693 1139 1756; x_wconf 79' lang='lat' dir='ltr'><strong>sqq.;</strong></span> <span class='ocrx_word' id='word_1_91' title='bbox 1184 1673 1269 1737; x_wconf 88' lang='lat' dir='ltr'><strong>duce</strong></span> 
     </span>
     <span class='ocr_line' id='line_1_14' title="bbox 256 1767 1274 1852; baseline 0.004 -22"><span class='ocrx_word' id='word_1_92' title='bbox 256 1767 387 1830; x_wconf 83' lang='lat' dir='ltr'><strong>Achille</strong></span> <span class='ocrx_word' id='word_1_93' title='bbox 416 1788 472 1830; x_wconf 90' lang='lat' dir='ltr'><strong>eos</strong></span> <span class='ocrx_word' id='word_1_94' title='bbox 493 1788 553 1850; x_wconf 90' lang='lat' dir='ltr'><strong>pcr</strong></span> <span class='ocrx_word' id='word_1_95' title='bbox 573 1788 661 1830; x_wconf 89' lang='lat' dir='ltr'><strong>mare</strong></span> <span class='ocrx_word' id='word_1_96' title='bbox 693 1779 827 1852; x_wconf 85' lang='lat' dir='ltr'><strong>vagatos</strong></span> <span class='ocrx_word' id='word_1_97' title='bbox 857 1788 927 1832; x_wconf 86' lang='lat' dir='ltr'><strong>esse</strong></span> <span class='ocrx_word' id='word_1_98' title='bbox 964 1769 1143 1852; x_wconf 87' lang='lat' dir='ltr'><strong>praedandi</strong></span> <span class='ocrx_word' id='word_1_99' title='bbox 1172 1793 1274 1836; x_wconf 89' lang='lat' dir='ltr'><strong>cansa</strong></span> 
     </span>
     <span class='ocr_line' id='line_1_15' title="bbox 255 1869 1267 1958; baseline 0.001 -23"><span class='ocrx_word' id='word_1_100' title='bbox 255 1879 295 1935; x_wconf 84' lang='lat' dir='ltr'><strong>ut</strong></span> <span class='ocrx_word' id='word_1_101' title='bbox 314 1870 455 1954; x_wconf 85' lang='lat' dir='ltr'><strong>piratas,</strong></span> <span class='ocrx_word' id='word_1_102' title='bbox 477 1883 511 1932; x_wconf 89' lang='lat' dir='ltr'><strong>et</strong></span> <span class='ocrx_word' id='word_1_103' title='bbox 531 1870 623 1933; x_wconf 92' lang='lat' dir='ltr'><strong>iniis</strong></span> <span class='ocrx_word' id='word_1_104' title='bbox 645 1869 811 1934; x_wconf 88' lang='lat' dir='ltr'><strong>erroribus</strong></span> <span class='ocrx_word' id='word_1_105' title='bbox 841 1870 961 1934; x_wconf 87' lang='lat' dir='ltr'><strong>insulas</strong></span> <span class='ocrx_word' id='word_1_106' title='bbox 983 1894 1117 1958; x_wconf 87' lang='lat' dir='ltr'><strong>quoque</strong></span> <span class='ocrx_word' id='word_1_107' title='bbox 1137 1875 1267 1938; x_wconf 85' lang='lat' dir='ltr'><strong>hostili-</strong></span> 
     </span>
     <span class='ocr_line' id='line_1_16' title="bbox 256 1969 1265 2058; baseline 0.005 -26"><span class='ocrx_word' id='word_1_108' title='bbox 256 1981 310 2036; x_wconf 90' lang='lat' dir='ltr'><strong>ter</strong></span> <span class='ocrx_word' id='word_1_109' title='bbox 329 1972 509 2034; x_wconf 84' lang='lat' dir='ltr'><strong>incursasse</strong></span> <span class='ocrx_word' id='word_1_110' title='bbox 529 1971 600 2034; x_wconf 84' lang='lat' dir='ltr'><strong>veri</strong></span> <span class='ocrx_word' id='word_1_111' title='bbox 634 1969 829 2032; x_wconf 91' lang='lat' dir='ltr'><strong>simillimum</strong></span> <span class='ocrx_word' id='word_1_112' title='bbox 863 1983 932 2049; x_wconf 83' lang='lat' dir='ltr'><strong>cst3</strong></span> <span class='ocrx_word' id='word_1_113' title='bbox 966 1971 1055 2055; x_wconf 88' lang='lat' dir='ltr'><strong>qnod</strong></span> <span class='ocrx_word' id='word_1_114' title='bbox 1084 1984 1160 2058; x_wconf 85' lang='lat' dir='ltr'><strong>apte</strong></span> <span class='ocrx_word' id='word_1_115' title='bbox 1180 1994 1265 2038; x_wconf 87' lang='lat' dir='ltr'><strong>con-</strong></span> 
     </span>
     <span class='ocr_line' id='line_1_17' title="bbox 256 2070 1270 2160; baseline 0.004 -26"><span class='ocrx_word' id='word_1_116' title='bbox 256 2073 346 2160; x_wconf 81' lang='lat' dir='ltr'><strong>gruit</strong></span> <span class='ocrx_word' id='word_1_117' title='bbox 366 2094 440 2138; x_wconf 90' lang='lat' dir='ltr'><strong>cum</strong></span> <span class='ocrx_word' id='word_1_118' title='bbox 461 2073 592 2156; x_wconf 84' lang='lat' dir='ltr'><strong>ingenio</strong></span> <span class='ocrx_word' id='word_1_119' title='bbox 616 2081 649 2136; x_wconf 88' lang='lat' dir='ltr'><strong>et</strong></span> <span class='ocrx_word' id='word_1_120' title='bbox 669 2070 815 2132; x_wconf 88' lang='lat' dir='ltr'><strong>moribus</strong></span> <span class='ocrx_word' id='word_1_121' title='bbox 840 2072 1050 2152; x_wconf 88' lang='lat' dir='ltr'><strong>Graecorum,</strong></span> <span class='ocrx_word' id='word_1_122' title='bbox 1072 2076 1190 2157; x_wconf 84' lang='lat' dir='ltr'><strong>quales</strong></span> <span class='ocrx_word' id='word_1_123' title='bbox 1212 2075 1270 2139; x_wconf 89' lang='lat' dir='ltr'><strong>de-</strong></span> 
     </span>
     <span class='ocr_line' id='line_1_18' title="bbox 249 2170 1306 2270; baseline 0.002 -31"><span class='ocrx_word' id='word_1_124' title='bbox 249 2176 445 2258; x_wconf 67' lang='lat' dir='ltr'><strong>¹scribuntur</strong></span> <span class='ocrx_word' id='word_1_125' title='bbox 466 2175 504 2234; x_wconf 92' lang='lat' dir='ltr'><strong>ll.</strong></span> <span class='ocrx_word' id='word_1_126' title='bbox 525 2176 552 2251; x_wconf 79' lang='grc' dir='ltr'><strong>ξ,</strong></span> <span class='ocrx_word' id='word_1_127' title='bbox 572 2173 613 2238; x_wconf 84' lang='grc'><strong>85</strong></span> <span class='ocrx_word' id='word_1_128' title='bbox 634 2193 682 2256; x_wconf 91' lang='lat' dir='ltr'><strong>sq.</strong></span> <span class='ocrx_word' id='word_1_129' title='bbox 703 2174 863 2234; x_wconf 85' lang='lat' dir='ltr'><strong>Lemnum</strong></span> <span class='ocrx_word' id='word_1_130' title='bbox 896 2171 929 2232; x_wconf 89' lang='lat' dir='ltr'><strong>in</strong></span> <span class='ocrx_word' id='word_1_131' title='bbox 960 2170 998 2232; x_wconf 89' lang='lat' dir='ltr'><strong>iis</strong></span> <span class='ocrx_word' id='word_1_132' title='bbox 1025 2171 1128 2236; x_wconf 82' lang='lat' dir='ltr'><strong>fuisse</strong></span> <span class='ocrx_word' id='word_1_133' title='bbox 1157 2177 1268 2240; x_wconf 83' lang='lat' dir='ltr'><strong>videri</strong></span> <span class='ocrx_word' id='word_1_134' title='bbox 1303 2191 1306 2270; x_wconf 55' lang='lat' dir='ltr'><strong>p</strong></span> 
     </span>
     <span class='ocr_line' id='line_1_19' title="bbox 255 2273 1269 2362; baseline 0.001 -23"><span class='ocrx_word' id='word_1_135' title='bbox 255 2277 370 2362; x_wconf 85' lang='lat' dir='ltr'><strong>possit,</strong></span> <span class='ocrx_word' id='word_1_136' title='bbox 389 2275 469 2354; x_wconf 87' lang='lat' dir='ltr'><strong>nisi,</strong></span> <span class='ocrx_word' id='word_1_137' title='bbox 490 2273 579 2358; x_wconf 89' lang='lat' dir='ltr'><strong>quod</strong></span> <span class='ocrx_word' id='word_1_138' title='bbox 600 2273 699 2358; x_wconf 79' lang='lat' dir='ltr'><strong>magis</strong></span> <span class='ocrx_word' id='word_1_139' title='bbox 720 2274 846 2356; x_wconf 87' lang='lat' dir='ltr'><strong>placet,</strong></span> <span class='ocrx_word' id='word_1_140' title='bbox 869 2293 924 2349; x_wconf 85' lang='lat' dir='ltr'><strong>eo,</strong></span> <span class='ocrx_word' id='word_1_141' title='bbox 953 2291 1027 2334; x_wconf 89' lang='lat' dir='ltr'><strong>cum</strong></span> <span class='ocrx_word' id='word_1_142' title='bbox 1047 2276 1187 2338; x_wconf 88' lang='lat' dir='ltr'><strong>Troiam</strong></span> <span class='ocrx_word' id='word_1_143' title='bbox 1215 2301 1269 2340; x_wconf 90' lang='lat' dir='ltr'><strong>na-</strong></span> 
     </span>
    </p>
   </div>
   <div class='ocr_carea' id='block_1_3' title="bbox 1303 1450 1305 1483">
    <p class='ocr_par' dir='ltr' id='par_1_4' title="bbox 1303 1450 1305 1483">
     <span class='ocr_line' id='line_1_20' title="bbox 1303 1450 1305 1483; baseline 0 0"><span class='ocrx_word' id='word_1_144' title='bbox 1303 1450 1305 1483; x_wconf 92' lang='lat' dir='ltr'><strong>l</strong></span> 
     </span>
    </p>
   </div>
   <div class='ocr_carea' id='block_1_4' title="bbox 254 2375 1268 2569">
    <p class='ocr_par' dir='ltr' id='par_1_5' title="bbox 254 2375 1268 2569">
     <span class='ocr_line' id='line_1_21' title="bbox 254 2375 1268 2462; baseline 0.006 -22"><span class='ocrx_word' id='word_1_145' title='bbox 254 2377 405 2462; x_wconf 77' lang='lat' dir='ltr'><strong>rigarent</strong></span> <span class='ocrx_word' id='word_1_146' title='bbox 420 2378 582 2461; x_wconf 85' lang='lat' dir='ltr'><strong>appulisse</strong></span> <span class='ocrx_word' id='word_1_147' title='bbox 596 2398 651 2440; x_wconf 90' lang='lat' dir='ltr'><strong>eos</strong></span> <span class='ocrx_word' id='word_1_148' title='bbox 668 2375 874 2440; x_wconf 88' lang='lat' dir='ltr'><strong>statuendum</strong></span> <span class='ocrx_word' id='word_1_149' title='bbox 889 2386 955 2457; x_wconf 84' lang='lat' dir='ltr'><strong>cst3</strong></span> <span class='ocrx_word' id='word_1_150' title='bbox 978 2377 1019 2444; x_wconf 84' lang='lat' dir='ltr'><strong>cf.</strong></span> <span class='ocrx_word' id='word_1_151' title='bbox 1032 2382 1068 2454; x_wconf 75' lang='grc' dir='ltr'><strong>θ,</strong></span> <span class='ocrx_word' id='word_1_152' title='bbox 1084 2381 1144 2444; x_wconf 80' lang='lat'><strong>230</strong></span> <span class='ocrx_word' id='word_1_153' title='bbox 1153 2398 1166 2452; x_wconf 83' lang='lat'>3</span> <span class='ocrx_word' id='word_1_154' title='bbox 1193 2405 1268 2446; x_wconf 88' lang='lat' dir='ltr'><strong>nam</strong></span> 
     </span>
     <span class='ocr_line' id='line_1_22' title="bbox 254 2485 1262 2569; baseline 0.004 -21"><span class='ocrx_word' id='word_1_155' title='bbox 254 2485 338 2549; x_wconf 90' lang='lat' dir='ltr'><strong>hanc</strong></span> <span class='ocrx_word' id='word_1_156' title='bbox 359 2485 495 2549; x_wconf 91' lang='lat' dir='ltr'><strong>insulam</strong></span> <span class='ocrx_word' id='word_1_157' title='bbox 516 2508 582 2548; x_wconf 92' lang='lat' dir='ltr'><strong>non</strong></span> <span class='ocrx_word' id='word_1_158' title='bbox 602 2495 759 2548; x_wconf 85' lang='lat' dir='ltr'><strong>vastatam</strong></span> <span class='ocrx_word' id='word_1_159' title='bbox 787 2505 859 2549; x_wconf 89' lang='lat' dir='ltr'><strong>esse</strong></span> <span class='ocrx_word' id='word_1_160' title='bbox 880 2494 972 2569; x_wconf 90' lang='lat' dir='ltr'><strong>patet</strong></span> <span class='ocrx_word' id='word_1_161' title='bbox 993 2505 1032 2548; x_wconf 86' lang='lat' dir='ltr'><strong>ex</strong></span> <span class='ocrx_word' id='word_1_162' title='bbox 1052 2486 1159 2548; x_wconf 86' lang='lat' dir='ltr'><strong>Iliadis</strong></span> <span class='ocrx_word' id='word_1_163' title='bbox 1186 2490 1262 2551; x_wconf 90' lang='lat' dir='ltr'><strong>loco</strong></span> 
     </span>
    </p>
   </div>
   <div class='ocr_carea' id='block_1_5' title="bbox 149 2583 1264 2677">
    <p class='ocr_par' dir='ltr' id='par_1_6' title="bbox 149 2583 1264 2677">
     <span class='ocr_line' id='line_1_23' title="bbox 149 2583 1264 2677; baseline 0.003 -25"><span class='ocrx_word' id='word_1_164' title='bbox 149 2583 152 2588; x_wconf 61' lang='grc'>’</span> <span class='ocrx_word' id='word_1_165' title='bbox 255 2613 294 2676; x_wconf 78' lang='grc' dir='ltr'><strong>φ,</strong></span> <span class='ocrx_word' id='word_1_166' title='bbox 315 2595 355 2662; x_wconf 75' lang='lat' dir='ltr'><strong>cio</strong></span> <span class='ocrx_word' id='word_1_167' title='bbox 377 2609 454 2674; x_wconf 84' lang='lat' dir='ltr'><strong>sqq:</strong></span> <span class='ocrx_word' id='word_1_168' title='bbox 477 2611 542 2675; x_wconf 88' lang='lat' dir='ltr'><strong>quo</strong></span> <span class='ocrx_word' id='word_1_169' title='bbox 564 2589 638 2653; x_wconf 90' lang='lat' dir='ltr'><strong>loco</strong></span> <span class='ocrx_word' id='word_1_170' title='bbox 660 2590 763 2652; x_wconf 92' lang='lat' dir='ltr'><strong>insula</strong></span> <span class='ocrx_word' id='word_1_171' title='bbox 785 2591 876 2674; x_wconf 86' lang='lat' dir='ltr'><strong>quasi</strong></span> <span class='ocrx_word' id='word_1_172' title='bbox 902 2591 1085 2674; x_wconf 85' lang='lat' dir='ltr'><strong>emporium</strong></span> <span class='ocrx_word' id='word_1_173' title='bbox 1114 2594 1264 2677; x_wconf 82' lang='lat' dir='ltr'><strong>aliquod,</strong></span> 
     </span>
    </p>
   </div>
   <div class='ocr_carea' id='block_1_6' title="bbox 248 2692 1306 4136">
    <p class='ocr_par' dir='ltr' id='par_1_7' title="bbox 248 2692 1306 4136">
     <span class='ocr_line' id='line_1_24' title="bbox 253 2692 1264 2779; baseline 0.004 -25"><span class='ocrx_word' id='word_1_174' title='bbox 253 2715 321 2779; x_wconf 88' lang='lat' dir='ltr'><strong>quo</strong></span> <span class='ocrx_word' id='word_1_175' title='bbox 348 2692 503 2776; x_wconf 88' lang='lat' dir='ltr'><strong>praedam</strong></span> <span class='ocrx_word' id='word_1_176' title='bbox 538 2703 573 2755; x_wconf 93' lang='lat' dir='ltr'><strong>ut</strong></span> <span class='ocrx_word' id='word_1_177' title='bbox 600 2693 783 2758; x_wconf 85' lang='lat' dir='ltr'><strong>venderent</strong></span> <span class='ocrx_word' id='word_1_178' title='bbox 804 2693 923 2758; x_wconf 88' lang='lat' dir='ltr'><strong>Graeci</strong></span> <span class='ocrx_word' id='word_1_179' title='bbox 951 2693 1176 2776; x_wconf 86' lang='lat' dir='ltr'><strong>advexissent,</strong></span> <span class='ocrx_word' id='word_1_180' title='bbox 1204 2720 1264 2758; x_wconf 90' lang='lat' dir='ltr'><strong>no·</strong></span> 
     </span>
     <span class='ocr_line' id='line_1_25' title="bbox 252 2795 1260 2882; baseline 0.004 -26"><span class='ocrx_word' id='word_1_181' title='bbox 252 2807 353 2860; x_wconf 89' lang='lat' dir='ltr'><strong>tatur.</strong></span> <span class='ocrx_word' id='word_1_182' title='bbox 396 2797 509 2882; x_wconf 88' lang='lat' dir='ltr'><strong>ltaque</strong></span> <span class='ocrx_word' id='word_1_183' title='bbox 531 2795 673 2858; x_wconf 88' lang='lat' dir='ltr'><strong>dubitari</strong></span> <span class='ocrx_word' id='word_1_184' title='bbox 693 2809 823 2878; x_wconf 89' lang='lat' dir='ltr'><strong>potest,</strong></span> <span class='ocrx_word' id='word_1_185' title='bbox 844 2820 921 2862; x_wconf 90' lang='lat' dir='ltr'><strong>num</strong></span> <span class='ocrx_word' id='word_1_186' title='bbox 944 2797 1167 2882; x_wconf 86' lang='lat' dir='ltr'><strong>antiquissima</strong></span> <span class='ocrx_word' id='word_1_187' title='bbox 1187 2819 1260 2860; x_wconf 86' lang='lat' dir='ltr'><strong>nar-</strong></span> 
     </span>
     <span class='ocr_line' id='line_1_26' title="bbox 251 2894 1266 2982; baseline -0.002 -21"><span class='ocrx_word' id='word_1_188' title='bbox 251 2899 338 2962; x_wconf 87' lang='lat' dir='ltr'><strong>ratio</strong></span> <span class='ocrx_word' id='word_1_189' title='bbox 360 2895 470 2974; x_wconf 85' lang='lat' dir='ltr'><strong>fuerit,</strong></span> <span class='ocrx_word' id='word_1_190' title='bbox 492 2894 718 2977; x_wconf 87' lang='lat' dir='ltr'><strong>Philoctetam,</strong></span> <span class='ocrx_word' id='word_1_191' title='bbox 740 2917 814 2960; x_wconf 90' lang='lat' dir='ltr'><strong>cum</strong></span> <span class='ocrx_word' id='word_1_192' title='bbox 827 2898 960 2978; x_wconf 83' lang='lat' dir='ltr'><strong>Tenedi,</strong></span> <span class='ocrx_word' id='word_1_193' title='bbox 983 2912 1019 2962; x_wconf 85' lang='lat' dir='ltr'><strong>ut</strong></span> <span class='ocrx_word' id='word_1_194' title='bbox 1041 2898 1170 2982; x_wconf 86' lang='lat' dir='ltr'><strong>Cypriis</strong></span> <span class='ocrx_word' id='word_1_195' title='bbox 1197 2921 1266 2962; x_wconf 87' lang='lat' dir='ltr'><strong>car-</strong></span> 
     </span>
     <span class='ocr_line' id='line_1_27' title="bbox 252 2997 1265 3080; baseline 0.001 -18"><span class='ocrx_word' id='word_1_196' title='bbox 252 2999 391 3066; x_wconf 83' lang='lat' dir='ltr'><strong>minibus</strong></span> <span class='ocrx_word' id='word_1_197' title='bbox 413 2997 612 3080; x_wconf 85' lang='lat' dir='ltr'><strong>tradebatur,</strong></span> <span class='ocrx_word' id='word_1_198' title='bbox 633 3019 759 3064; x_wconf 88' lang='lat' dir='ltr'><strong>morsus</strong></span> <span class='ocrx_word' id='word_1_199' title='bbox 782 3015 884 3080; x_wconf 85' lang='lat' dir='ltr'><strong>esset,</strong></span> <span class='ocrx_word' id='word_1_200' title='bbox 905 3006 1064 3067; x_wconf 79' lang='lat' dir='ltr'><strong>Lemnum</strong></span> <span class='ocrx_word' id='word_1_201' title='bbox 1085 3002 1265 3068; x_wconf 81' lang='lat' dir='ltr'><strong>adductum</strong></span> 
     </span>
     <span class='ocr_line' id='line_1_28' title="bbox 253 3101 1265 3187; baseline 0.006 -22"><span class='ocrx_word' id='word_1_202' title='bbox 253 3122 335 3183; x_wconf 87' lang='lat' dir='ltr'><strong>esse,</strong></span> <span class='ocrx_word' id='word_1_203' title='bbox 358 3124 397 3164; x_wconf 88' lang='lat' dir='ltr'><strong>an</strong></span> <span class='ocrx_word' id='word_1_204' title='bbox 418 3101 570 3166; x_wconf 86' lang='lat' dir='ltr'><strong>relictum</strong></span> <span class='ocrx_word' id='word_1_205' title='bbox 589 3101 652 3181; x_wconf 88' lang='lat' dir='ltr'><strong>ibi,</strong></span> <span class='ocrx_word' id='word_1_206' title='bbox 675 3105 908 3187; x_wconf 87' lang='lat' dir='ltr'><strong>cumprimum</strong></span> <span class='ocrx_word' id='word_1_207' title='bbox 931 3106 1115 3169; x_wconf 83' lang='lat' dir='ltr'><strong>advenisset</strong></span> <span class='ocrx_word' id='word_1_208' title='bbox 1135 3111 1265 3174; x_wconf 83' lang='lat' dir='ltr'><strong>exerci-</strong></span> 
     </span>
     <span class='ocr_line' id='line_1_29' title="bbox 252 3208 1264 3296; baseline 0.003 -20"><span class='ocrx_word' id='word_1_209' title='bbox 252 3220 317 3290; x_wconf 81' lang='lat' dir='ltr'><strong>tus,</strong></span> <span class='ocrx_word' id='word_1_210' title='bbox 338 3209 427 3296; x_wconf 89' lang='lat' dir='ltr'><strong>quod</strong></span> <span class='ocrx_word' id='word_1_211' title='bbox 448 3208 527 3274; x_wconf 88' lang='lat' dir='ltr'><strong>dicit</strong></span> <span class='ocrx_word' id='word_1_212' title='bbox 546 3213 710 3276; x_wconf 87' lang='lat' dir='ltr'><strong>Homerus</strong></span> <span class='ocrx_word' id='word_1_213' title='bbox 734 3213 770 3273; x_wconf 92' lang='lat' dir='ltr'><strong>ll.</strong></span> <span class='ocrx_word' id='word_1_214' title='bbox 792 3215 823 3292; x_wconf 83' lang='grc' dir='ltr'><strong>β,</strong></span> <span class='ocrx_word' id='word_1_215' title='bbox 844 3232 914 3296; x_wconf 70' lang='lat'>722.</span> <span class='ocrx_word' id='word_1_216' title='bbox 947 3215 1029 3276; x_wconf 86' lang='lat' dir='ltr'><strong>Nam</strong></span> <span class='ocrx_word' id='word_1_217' title='bbox 1041 3213 1147 3278; x_wconf 90' lang='lat' dir='ltr'><strong>simile</strong></span> <span class='ocrx_word' id='word_1_218' title='bbox 1162 3219 1264 3279; x_wconf 89' lang='lat' dir='ltr'><strong>sacri·</strong></span> 
     </span>
     <span class='ocr_line' id='line_1_30' title="bbox 251 3311 1266 3398; baseline 0.007 -22"><span class='ocrx_word' id='word_1_219' title='bbox 251 3311 379 3392; x_wconf 81' lang='lat' dir='ltr'><strong>ficium,</strong></span> <span class='ocrx_word' id='word_1_220' title='bbox 414 3323 452 3377; x_wconf 89' lang='lat' dir='ltr'><strong>ut</strong></span> <span class='ocrx_word' id='word_1_221' title='bbox 472 3313 598 3380; x_wconf 84' lang='lat' dir='ltr'><strong>Tenedi</strong></span> <span class='ocrx_word' id='word_1_222' title='bbox 626 3315 742 3398; x_wconf 89' lang='lat' dir='ltr'><strong>Cypria</strong></span> <span class='ocrx_word' id='word_1_223' title='bbox 768 3311 938 3398; x_wconf 78' lang='lat' dir='ltr'><strong>carmina,¹</strong></span> <span class='ocrx_word' id='word_1_224' title='bbox 957 3319 1121 3382; x_wconf 86' lang='lat' dir='ltr'><strong>Homerus</strong></span> <span class='ocrx_word' id='word_1_225' title='bbox 1142 3320 1266 3383; x_wconf 84' lang='lat' dir='ltr'><strong>Lemni</strong></span> 
     </span>
     <span class='ocr_line' id='line_1_31' title="bbox 252 3415 1264 3508; baseline 0.011 -28"><span class='ocrx_word' id='word_1_226' title='bbox 252 3415 454 3486; x_wconf 77' lang='lat' dir='ltr'><strong>celebraturo</strong></span> <span class='ocrx_word' id='word_1_227' title='bbox 476 3438 546 3484; x_wconf 85' lang='lat' dir='ltr'><strong>csse</strong></span> <span class='ocrx_word' id='word_1_228' title='bbox 569 3418 648 3484; x_wconf 87' lang='lat' dir='ltr'><strong>dicit</strong></span> <span class='ocrx_word' id='word_1_229' title='bbox 676 3420 714 3481; x_wconf 86' lang='lat'><strong>11.</strong></span> <span class='ocrx_word' id='word_1_230' title='bbox 736 3423 772 3498; x_wconf 75' lang='grc' dir='ltr'><strong>θ,</strong></span> <span class='ocrx_word' id='word_1_231' title='bbox 796 3423 877 3501; x_wconf 71' lang='lat'><strong>230,</strong></span> <span class='ocrx_word' id='word_1_232' title='bbox 902 3421 936 3484; x_wconf 90' lang='lat' dir='ltr'><strong>in</strong></span> <span class='ocrx_word' id='word_1_233' title='bbox 966 3443 1032 3508; x_wconf 86' lang='lat' dir='ltr'><strong>qno</strong></span> <span class='ocrx_word' id='word_1_234' title='bbox 1053 3422 1264 3490; x_wconf 86' lang='lat' dir='ltr'><strong>Philoctetes</strong></span> 
     </span>
     <span class='ocr_line' id='line_1_32' title="bbox 252 3526 1265 3617; baseline 0.009 -31"><span class='ocrx_word' id='word_1_235' title='bbox 252 3544 270 3592; x_wconf 86' lang='lat' dir='ltr'><strong>a</strong></span> <span class='ocrx_word' id='word_1_236' title='bbox 292 3534 446 3606; x_wconf 88' lang='lat' dir='ltr'><strong>serpente</strong></span> <span class='ocrx_word' id='word_1_237' title='bbox 460 3526 544 3588; x_wconf 89' lang='lat' dir='ltr'><strong>ictus</strong></span> <span class='ocrx_word' id='word_1_238' title='bbox 565 3538 651 3591; x_wconf 86' lang='lat' dir='ltr'><strong>esset</strong></span> <span class='ocrx_word' id='word_1_239' title='bbox 658 3544 668 3597; x_wconf 84' lang='lat'>3</span> <span class='ocrx_word' id='word_1_240' title='bbox 690 3529 806 3593; x_wconf 78' lang='lat' dir='ltr'><strong>Lemni</strong></span> <span class='ocrx_word' id='word_1_241' title='bbox 826 3527 861 3589; x_wconf 88' lang='lat' dir='ltr'><strong>id</strong></span> <span class='ocrx_word' id='word_1_242' title='bbox 881 3529 1003 3592; x_wconf 88' lang='lat' dir='ltr'><strong>sactum</strong></span> <span class='ocrx_word' id='word_1_243' title='bbox 1025 3529 1136 3596; x_wconf 89' lang='lat' dir='ltr'><strong>dicunt</strong></span> <span class='ocrx_word' id='word_1_244' title='bbox 1157 3535 1265 3617; x_wconf 80' lang='lat' dir='ltr'><strong>Hygi·</strong></span> 
     </span>
     <span class='ocr_line' id='line_1_33' title="bbox 248 3630 1305 3728; baseline 0.006 -32"><span class='ocrx_word' id='word_1_245' title='bbox 248 3653 312 3715; x_wconf 83' lang='lat' dir='ltr'><strong>nus</strong></span> <span class='ocrx_word' id='word_1_246' title='bbox 339 3630 404 3698; x_wconf 81' lang='lat' dir='ltr'><strong>fab.</strong></span> <span class='ocrx_word' id='word_1_247' title='bbox 438 3651 508 3705; x_wconf 76' lang='lat'><strong>1023</strong></span> <span class='ocrx_word' id='word_1_248' title='bbox 539 3639 676 3700; x_wconf 81' lang='lat' dir='ltr'><strong>Tzetzes</strong></span> <span class='ocrx_word' id='word_1_249' title='bbox 698 3634 816 3698; x_wconf 85' lang='lat' dir='ltr'><strong>Anteh.</strong></span> <span class='ocrx_word' id='word_1_250' title='bbox 850 3653 928 3722; x_wconf 69' lang='lat'><strong>2973</strong></span> <span class='ocrx_word' id='word_1_251' title='bbox 960 3637 1068 3704; x_wconf 80' lang='lat' dir='ltr'><strong>Schol</strong></span> <span class='ocrx_word' id='word_1_252' title='bbox 1097 3640 1133 3700; x_wconf 92' lang='lat' dir='ltr'><strong>ll.</strong></span> <span class='ocrx_word' id='word_1_253' title='bbox 1161 3640 1205 3702; x_wconf 89' lang='lat' dir='ltr'><strong>ad</strong></span> <span class='ocrx_word' id='word_1_254' title='bbox 1230 3646 1262 3722; x_wconf 76' lang='grc' dir='ltr'><strong>β,</strong></span> <span class='ocrx_word' id='word_1_255' title='bbox 1304 3706 1305 3728; x_wconf 14' lang='grc' dir='ltr'>χ</span> 
     </span>
     <span class='ocr_line' id='line_1_34' title="bbox 251 3737 1306 3825; baseline 0.009 -25"><span class='ocrx_word' id='word_1_256' title='bbox 251 3756 327 3820; x_wconf 67' lang='lat'><strong>7223</strong></span> <span class='ocrx_word' id='word_1_257' title='bbox 350 3738 460 3802; x_wconf 83' lang='lat' dir='ltr'><strong>Schol.</strong></span> <span class='ocrx_word' id='word_1_258' title='bbox 481 3738 582 3822; x_wconf 81' lang='lat' dir='ltr'><strong>Soph.</strong></span> <span class='ocrx_word' id='word_1_259' title='bbox 603 3739 643 3800; x_wconf 92' lang='lat' dir='ltr'><strong>ad</strong></span> <span class='ocrx_word' id='word_1_260' title='bbox 662 3737 747 3806; x_wconf 88' lang='lat' dir='ltr'><strong>Phil.</strong></span> <span class='ocrx_word' id='word_1_261' title='bbox 769 3759 839 3822; x_wconf 78' lang='lat'><strong>270,</strong></span> <span class='ocrx_word' id='word_1_262' title='bbox 862 3743 917 3825; x_wconf 87' lang='lat' dir='ltr'><strong>qui</strong></span> <span class='ocrx_word' id='word_1_263' title='bbox 939 3762 1014 3804; x_wconf 89' lang='lat' dir='ltr'><strong>eum</strong></span> <span class='ocrx_word' id='word_1_264' title='bbox 1034 3742 1080 3806; x_wconf 90' lang='lat' dir='ltr'><strong>ihi</strong></span> <span class='ocrx_word' id='word_1_265' title='bbox 1101 3745 1260 3808; x_wconf 88' lang='lat' dir='ltr'><strong>relictum</strong></span> <span class='ocrx_word' id='word_1_266' title='bbox 1305 3757 1306 3778; x_wconf 67' lang='lat'>¹</span> 
     </span>
     <span class='ocr_line' id='line_1_35' title="bbox 252 3841 1259 3924; baseline 0.002 -18"><span class='ocrx_word' id='word_1_267' title='bbox 252 3843 394 3924; x_wconf 84' lang='lat' dir='ltr'><strong>tradunt,</strong></span> <span class='ocrx_word' id='word_1_268' title='bbox 416 3855 453 3907; x_wconf 93' lang='lat' dir='ltr'><strong>ut</strong></span> <span class='ocrx_word' id='word_1_269' title='bbox 473 3866 491 3906; x_wconf 91' lang='lat' dir='ltr'><strong>a</strong></span> <span class='ocrx_word' id='word_1_270' title='bbox 511 3843 650 3910; x_wconf 88' lang='lat' dir='ltr'><strong>Vulcani</strong></span> <span class='ocrx_word' id='word_1_271' title='bbox 670 3841 895 3908; x_wconf 87' lang='lat' dir='ltr'><strong>sacerdotibus</strong></span> <span class='ocrx_word' id='word_1_272' title='bbox 915 3857 1099 3914; x_wconf 81' lang='lat' dir='ltr'><strong>sanaretur:</strong></span> <span class='ocrx_word' id='word_1_273' title='bbox 1121 3849 1259 3919; x_wconf 81' lang='lat' dir='ltr'><strong>missum</strong></span> 
     </span>
     <span class='ocr_line' id='line_1_36' title="bbox 252 3948 1258 4027; baseline -0.004 -11"><span class='ocrx_word' id='word_1_274' title='bbox 252 3969 326 4016; x_wconf 81' lang='lat' dir='ltr'><strong>cum</strong></span> <span class='ocrx_word' id='word_1_275' title='bbox 348 3970 366 4012; x_wconf 94' lang='lat' dir='ltr'><strong>e</strong></span> <span class='ocrx_word' id='word_1_276' title='bbox 389 3949 496 4026; x_wconf 89' lang='lat' dir='ltr'><strong>Troia,</strong></span> <span class='ocrx_word' id='word_1_277' title='bbox 519 3948 574 4012; x_wconf 87' lang='lat' dir='ltr'><strong>nbi</strong></span> <span class='ocrx_word' id='word_1_278' title='bbox 595 3969 722 4012; x_wconf 87' lang='lat' dir='ltr'><strong>morsus</strong></span> <span class='ocrx_word' id='word_1_279' title='bbox 744 3961 847 4027; x_wconf 86' lang='lat' dir='ltr'><strong>esset,</strong></span> <span class='ocrx_word' id='word_1_280' title='bbox 876 3948 917 4012; x_wconf 87' lang='lat' dir='ltr'><strong>ad</strong></span> <span class='ocrx_word' id='word_1_281' title='bbox 937 3949 1122 4013; x_wconf 87' lang='lat' dir='ltr'><strong>sacerdotes</strong></span> <span class='ocrx_word' id='word_1_282' title='bbox 1143 3971 1258 4013; x_wconf 89' lang='lat' dir='ltr'><strong>sanan·</strong></span> 
     </span>
     <span class='ocr_line' id='line_1_37' title="bbox 251 4053 1256 4136; baseline -0.004 -18"><span class='ocrx_word' id='word_1_283' title='bbox 251 4053 327 4120; x_wconf 73' lang='lat' dir='ltr'><strong>duur</strong></span> <span class='ocrx_word' id='word_1_284' title='bbox 347 4054 461 4136; x_wconf 88' lang='lat' dir='ltr'><strong>Dictys</strong></span> <span class='ocrx_word' id='word_1_285' title='bbox 482 4053 600 4132; x_wconf 88' lang='lat' dir='ltr'><strong>tradit,</strong></span> <span class='ocrx_word' id='word_1_286' title='bbox 621 4068 655 4120; x_wconf 89' lang='lat' dir='ltr'><strong>ct</strong></span> <span class='ocrx_word' id='word_1_287' title='bbox 676 4054 891 4132; x_wconf 85' lang='lat' dir='ltr'><strong>dormientem</strong></span> <span class='ocrx_word' id='word_1_288' title='bbox 912 4054 1093 4136; x_wconf 85' lang='lat' dir='ltr'><strong>expositum</strong></span> <span class='ocrx_word' id='word_1_289' title='bbox 1116 4071 1189 4116; x_wconf 86' lang='lat' dir='ltr'><strong>esse</strong></span> <span class='ocrx_word' id='word_1_290' title='bbox 1211 4053 1256 4116; x_wconf 84' lang='lat' dir='ltr'><strong>di·</strong></span> 
     </span>
    </p>
   </div>
   <div class='ocr_carea' id='block_1_7' title="bbox 0 0 1318 4768">
    <p class='ocr_par' dir='ltr' id='par_1_8' title="bbox 0 0 1318 4768">
     <span class='ocr_line' id='line_1_38' title="bbox 0 0 1318 4768; baseline 0 2"><span class='ocrx_word' id='word_1_291' title='bbox 0 0 1318 4768; x_wconf 95' lang='lat' dir='ltr'><strong> </strong></span> 
     </span>
    </p>
   </div>
  </div>
 </body>
</html>
