2626 4768
633 351 855 420 ..123-

222 526 228 539 ’
256 527 437 590 morantur.
477 523 615 586 Matrem
642 523 821 586 Memnonis
842 525 1019 584 Hemeram
1040 519 1195 600 dicunt,
1232 541 1285 584 nol

260 645 419 704 sororem,
439 645 534 706 quam
547 624 733 706 Anthyllam
751 624 927 710 nominant,
950 621 992 683 cf.
1007 625 1105 686 Eust.
1132 621 1191 683 ad
1206 622 1251 684 11.
1266 645 1285 680 o

183 795 186 808 ,
257 731 327 816 539.
371 728 477 820 Quem
496 726 609 811 Dictys
639 727 773 790 Pbalam
801 739 856 788 aut
888 725 1077 788 Phalantem
1112 728 1285 810 appellat

258 849 333 892 eum
359 825 538 911 significare
559 829 689 892 ridetur
709 827 900 912 Polydamas
921 828 1052 910 aliquis,
1089 851 1219 912 quem
1253 832 1285 892 lo

259 953 331 994 ann.
353 933 427 998 Mal.
446 953 480 1016 p.
512 930 568 996 162
599 933 639 996 ad
670 935 801 1004 Troiam
835 953 907 996 cum
936 933 1112 996 Memnone
1151 935 1285 998 venisse

259 1036 347 1100 dicit.
779 1021 793 1046 ⁸

188 1129 195 1138 ’
342 1143 436 1237 Quae
468 1144 509 1208 de
529 1147 701 1208 Memnone
731 1141 840 1208 divino
874 1155 908 1206 et
935 1141 976 1204 de
1006 1139 1187 1221 religione
1224 1141 1285 1201 eius

259 1263 433 1313 narrantur
452 1249 516 1313 buc
536 1250 702 1334 pertinere
724 1270 790 1312 non
811 1249 962 1327 arbitror,
986 1261 1019 1310 et
1039 1229 1169 1310 e'xtant
1197 1267 1240 1310 ea
1253 1248 1285 1308 dr

261 1373 300 1415 re
333 1351 511 1435 singulares
544 1354 690 1417 virorum
721 1353 893 1415 doctorum
912 1351 1030 1428 libelli,
1062 1361 1101 1412 ut
1128 1350 1282 1413 Iacobsii

262 1460 304 1528 cf.
326 1460 478 1524 Creuzer.
500 1459 607 1542 Symb.
630 1460 654 1540 l,
675 1479 747 1544 pag.
770 1457 849 1530 sau
883 1457 955 1529 454.
985 1457 1138 1519 Fabulae
1180 1457 1229 1519 de
1247 1477 1279 1518 eo

260 1561 390 1644 tragicis
423 1562 530 1644 'poetis
564 1573 752 1644 argumenta
779 1559 1019 1643 tragoediarum
1039 1560 1277 1642 suppeditasse

263 1667 382 1730 docent
424 1663 605 1751 fragmenta
648 1677 683 1727 ct
716 1663 892 1747 catalogus*
926 1661 1114 1726 fabulamm
1163 1662 1276 1746 deper-

264 1769 417 1834 dirarum.

1283 1843 1285 1918 l

586 2257 793 2336 carun
842 2221 974 2332 xiv.¹

445 2563 449 2578 „
480 2493 658 2552 scmus
683 2497 734 2551 ΕΤ
758 2493 1067 2554 nmc1scsEDES.

267 2747 364 2856 Post
398 2811 436 2854 ea
455 2791 615 2856 Troianos
643 2789 809 2853 lacessitos
838 2813 856 2854 a
885 2791 1016 2854 Graecis
1047 2783 1122 2854 cum
1149 2797 1190 2860 in
1218 2818 1263 2880 pu·

269 2921 364 2986 gnam
384 2898 566 2982 procedere
586 2899 785 2975 ansiessent,
809 2907 982 2984 antequam
999 2899 1041 2961 ad
1053 2899 1264 2972 dimicandum

267 3005 426 3079 venisset,
454 2999 567 3062 solutis
588 2999 752 3062 ordinibus
773 2999 881 3083 fugam
902 3001 1035 3082 fecisse,
1056 3005 1089 3065 in
1110 3029 1182 3091 qua
1203 3009 1263 3092 plu·

267 3107 342 3170 rimi
368 3125 485 3167 corum·
508 3103 620 3181 occisi,
655 3104 785 3166 Troilus
815 3125 946 3188 quoque
972 3115 1005 3168 et
1026 3109 1160 3189 Lycaon
1183 3113 1261 3173 Pria-

267 3211 373 3274 midae
394 3208 430 3271 vi
449 3207 461 3266 i
484 3206 569 3287 capti
590 3214 708 3284 essent,
730 3225 852 3287 eosque
868 3205 902 3265 iu
923 3205 1064 3268 medium
1085 3211 1259 3292 productos
1284 3269 1285 3274 ,

269 3310 409 3396 iugulari
429 3306 589 3372 Achillen
614 3307 754 3385 iussisse,
775 3306 887 3388 Dictys
909 3309 1002 3392 1V‚-9
1023 3310 1132 3376 tradit.
1173 3316 1214 3376 In
1233 3333 1262 3374 ea

269 3433 400 3502 quoque
433 3429 539 3493 pugna
582 3409 696 3490 sagitta
715 3409 886 3491 ,Apollinis
920 3411 1073 3473 cecidisse
1103 3415 1259 3479 Achillem

268 3527 379 3580 narrat
399 3513 538 3608 Quintus
551 3513 605 3590 Ill,
618 3511 672 3591 623
693 3525 827 3598 tumque
848 3517 1083 3580 atrocissimum
1102 3523 1261 3600 proelium

269 3623 355 3686 circa
376 3616 512 3684 cadaver
533 3616 601 3678 eius
616 3627 767 3680 exortum
785 3640 866 3698 esse,
888 3620 963 3682 hinc
974 3623 1091 3686 Paride
1106 3627 1258 3688 Troianos

164 3778 167 3788 .
268 3721 309 3784 ad
341 3720 375 3782 id
406 3715 608 3798 eripiendum
640 3715 808 3796 hortante,
838 3719 927 3784 illinc
949 3722 1047 3784 Aiace
1076 3725 1259 3804 resistente,·

268 3825 324 3910 qui
345 3825 521 3912 Glaucum,
556 3841 652 3903 quem
672 3822 705 3883 in
720 3822 871 3902 ,proxima
892 3823 966 3886 aute
987 3847 1094 3908 pugna
1115 3844 1257 3891 necatum

267 3945 337 3990 esse
366 3925 477 4006 Dictys
502 3919 626 4016 refert,
651 3923 788 4002 occidit,
815 3925 959 3990 Aeneam
984 3931 1154 4007 vulnerat,
1189 3933 1255 3993 dum

265 4025 403 4092 cadaver
422 4045 442 4088 u
461 4020 666 4090 nobilissimis
682 4024 720 4108 ju
742 4034 847 4088 castra
867 4026 1070 4112 deportatur.
1102 4033 1255 4108 Cecidisse
