2722 4776
451 411 679 518 --66--Δ

52 625 130 704 866,
152 624 210 708 qui
232 624 313 716 heec
332 615 481 707 pluribus
504 645 521 685 c
543 622 701 705 Staphylo
723 635 863 699 enarrat,
886 634 920 684 et
934 611 1064 686 Actoris

52 725 159 786 liliam
181 747 199 784 6
221 725 363 788 Chirone
385 723 601 788 astronomiae
621 725 729 805 perito
746 724 837 785 inter
867 723 1010 786 tonitrus
1031 733 1069 786 et

44 828 211 910 fulgure,
253 826 305 888 uti
331 834 425 887 antes
456 822 497 885 'ed
530 823 708 906 augendam
736 825 787 884 rei
822 825 940 886 famam
971 843 1067 906 prce-

53 929 199 1008 dixerat,
221 927 352 990 domum
372 927 463 988 Pelei
485 926 656 988 deductam
678 945 749 988 esse
771 923 880 1002 tradit,
896 927 940 988 ci.
957 925 1070 994 Sehol.

55 1029 164 1092 Arist.
186 1029 293 1091 Nnhh.
326 1028 411 1098 1064.
440 1031 464 1090 1.
494 1029 601 1090 116161.
630 1048 702 1110 pag.
728 1047 794 1090 see.
815 1028 923 1089 Aliter
955 1027 1069 1091 Schot.

57 1133 157 1193 Pind.
179 1129 271 1214 Pyth.
294 1131 348 1208 lll,
374 1129 442 1208 160,
477 1129 509 1192 in
529 1128 623 1190 Pelio
646 1137 758 1189 monto
780 1128 866 1212 apud
890 1127 1067 1193 Chironem

59 1235 200 1298 Peleum
221 1233 342 1296 Thetin
364 1232 493 1293 duxisse
515 1230 605 1294 dicit.

144 1339 181 1400 Si
202 1347 308 1400 autem
327 1337 409 1398 haec
431 1337 473 1396 de
494 1334 615 1416 nuptiis
632 1333 724 1394 Pelei
744 1335 883 1398 varietas
907 1346 967 1413 est,
988 1333 1071 1420 qnid

60 1441 182 1502 mirum
203 1439 356 1523 sineque
379 1437 413 1498 in
436 1435 505 1497 aliis
534 1433 632 1530 rehps
659 1447 811 1498 suctores
844 1438 1075 1521 consentiunt3

63 1543 210 1629 quaestio
231 1542 296 1603 ism
318 1541 397 1602 olim
419 1549 532 1602 exorta
544 1549 625 1616 emt,
645 1557 724 1598 num
745 1535 808 1599 dici
821 1551 934 1622 posset
947 1539 1071 1602 Thetin

60 1649 217 1708 mansisse
245 1658 323 1727 post
350 1643 561 1707 concubitum
593 1640 680 1726 apud
698 1642 851 1723 Pelenm3
880 1663 964 1726 qnae
992 1663 1072 1727 pro·

61 1747 151 1808 fecto
185 1743 405 1828 antiquissima
435 1743 580 1804 narratio
614 1759 686 1802 esse
716 1761 782 1803 non
815 1743 941 1824 potnit,
973 1743 1069 1805 deem

60 1851 172 1913 uxoris
195 1862 228 1910 et
249 1847 359 1909 metris
385 1845 521 1908 familias
542 1853 652 1928 partes
679 1846 878 1914 sustinuisse.
919 1849 1068 1932 Heynius

61 1953 192 2036 itaque,
226 1949 344 2036 quied
366 1946 533 2032 11.a,396
564 1947 705 2010 seriores
737 1947 867 2010 demum
899 1949 999 2032 inque
1030 1951 1072 2012 iis

63 2054 169 2136 primo
191 2053 267 2112 loco
289 2050 500 2131 Apollonium
521 2050 576 2127 IV,
597 2048 659 2114 866
679 2049 844 2112 fabulatos
874 2071 947 2112 esse
980 2050 1071 2130 dicit,

67 2155 241 2221 Thetidem
263 2154 444 2216 discessisse
464 2155 607 2233 aPeleo,
629 2152 766 2234 fallitur,
787 2174 905 2238 neque,
926 2155 975 2215 uti
995 2173 1070 2216 eon-

66 2257 178 2337 tendit,
200 2257 399 2320 eontrarium
420 2276 460 2318 ex
480 2257 586 2318 iliadis
608 2279 641 2332 π,
661 2259 724 2339 376
736 2265 892 2339 apparet3
914 2277 979 2340 quo
992 2258 1067 2320 loco

64 2361 142 2423 nihil
164 2361 225 2422 nisi
246 2383 323 2422 cora
345 2361 426 2422 dene
448 2371 481 2422 et
501 2359 643 2422 studium
665 2381 727 2441 pro
747 2357 816 2422 filio
832 2357 996 2424 carissime
1013 2361 1069 2423 de·

65 2468 222 2539 claretur,
255 2466 365 2548 sieque
388 2485 499 2528 omnes
530 2467 708 2547 scriptores
730 2465 851 2529 Thetin
878 2479 912 2528 et
931 2468 1070 2530 Peleum

68 2565 230 2628 Achillem
250 2567 291 2628 sd
311 2567 432 2628 bellum
454 2567 578 2630 misisse
599 2567 721 2630 dicunt.
763 2567 898 2630 Rectius
927 2567 1069 2630 fortasse

68 2669 180 2754 aliquis
210 2689 250 2732 ex
279 2671 378 2733 lliade
406 2693 508 2734 verss.
543 2673 603 2759 395
631 2693 704 2757 sqq.
723 2671 832 2756 rhaps.
854 2696 886 2751 c,
905 2671 971 2733 huc
991 2674 1071 2734 elle·

64 2781 172 2854 garet3
207 2771 266 2834 sed
297 2772 324 2832 si
350 2772 465 2836 Thetis
493 2772 548 2835 diu
583 2795 654 2834 cum
690 2774 791 2837 Peleo
823 2775 977 2855 vixisset,
1009 2773 1070 2860 lilii

66 2872 196 2936 Achillis
218 2893 330 2935 curam
349 2873 507 2936 Phoenici
529 2874 581 2955 (ll.
605 2898 628 2954 s,
649 2871 725 2957 486)
748 2897 814 2939 666
833 2877 1068 2960 commisisset3

68 2994 171 3058 neque
206 2975 371 3058 urgendus
403 2983 455 3036 est
483 2976 540 3037 ille
568 2976 684 3052 locus,
718 2977 765 3038 sio
794 2977 879 3040 enim
905 2999 977 3044 rem
1008 2978 1070 3039 sibi

68 3071 158 3135 linxit
177 3080 290 3154 poeta,
319 3073 444 3154 saepius
466 3069 569 3132 lilium
592 3084 625 3136 et
645 3073 781 3134 Peleum
803 3093 821 3130 6
850 3071 911 3134 doe
943 3073 1069 3136 revises

68 3193 148 3238 esse.
188 3172 360 3255 Euripides
383 3192 517 3256 quoque
550 3173 723 3252 (Androm.
747 3175 820 3237 1231
844 3174 931 3256 sqq.)
959 3191 1001 3234 ne
1022 3173 1071 3236 in·

66 3278 135 3340 nuit
156 3275 297 3359 quidem,
319 3276 439 3340 Thetin
461 3289 691 3340 commoratam
713 3297 783 3339 esse
806 3275 925 3338 diutius
958 3274 991 3338 in
1012 3276 1070 3340 do·

66 3404 119 3444 mo
139 3383 241 3444 Pelei.
262 3381 459 3444 Scholiastes
480 3382 633 3465 Apollon.
655 3381 676 3443 l.
691 3382 712 3443 l.
734 3401 753 3442 e
775 3379 939 3463 Sophocle
960 3380 1071 3461 tradit,

67 3503 137 3553 eam
157 3485 350 3563 discessisse,
374 3483 463 3568 quod
480 3484 632 3549 conviciis
654 3485 796 3548 lacerate
818 3484 942 3570 abipso
959 3499 1069 3569 esset3

68 3588 289 3671 Apollodorus
311 3597 421 3650 eutem
442 3589 524 3650 hanc
546 3609 673 3650 censam
695 3585 804 3667 effert,
839 3589 928 3671 quod
948 3591 1067 3652 Peleus
1113 3659 1116 3668 ¹

67 3710 150 3766 cem,
179 3709 252 3752 eum
278 3691 555 3754 immortalitatem
576 3691 655 3769 lilio,
677 3699 714 3752 ut
735 3692 835 3752 Ceres
863 3674 1068 3772 Triptolemo

71 3794 104 3854 in
122 3796 225 3879 hymn.
247 3795 361 3862 Ceres.
391 3806 533 3879 peraret,
554 3795 768 3874 turbavisset3
791 3793 832 3857 cf.
855 3793 965 3856 Schol.
986 3796 1070 3868 llas,

65 3901 124 3983 873
143 3898 253 3962 Schol.
274 3898 367 3960 rinc
389 3897 474 3961 Pith.
497 3902 552 3978 lll,
579 3903 645 3984 187.
707 3921 710 3930 ’

145 4001 211 4097 Qui
231 4007 342 4064 sutem
363 3999 418 4062 diu
427 4001 579 4064 mansisse
601 4001 687 4084 opud
707 4003 843 4066 Peleum
857 4001 976 4066 Thetin
997 4025 1070 4066 ner-

64 4103 194 4186 rchent,
216 4123 283 4168 non
312 4127 409 4166 unum
431 4103 595 4206 Achillem
616 4107 673 4170 secl
695 4109 878 4220 complqres
900 4121 1072 4190 praeterea
1192 4133 1197 4144 ·
