2722 4776
464 1159 678 1236 CAPUT
729 1157 763 1230 I.

354 1349 406 1412 DE
436 1354 587 1414 GENERE
616 1357 856 1413 armentum

507 1544 688 1570 Μ,

104 1723 313 1836 Atridarum
334 1783 506 1852 paternum
527 1785 629 1854 genet
656 1771 698 1834 ed
718 1759 894 1855 Pelopem,
921 1778 1105 1832 maternum

104 1883 146 1944 ed
166 1881 306 1944 Minoem
319 1879 436 1944 Cretae
456 1899 570 1962 regem
590 1875 746 1946 refertur.
776 1880 891 1940 Minois
913 1877 999 1941 enim
1018 1875 1104 1938 filius

104 1989 227 2058 Atreus
261 1986 341 2061 fuit,
378 1985 466 2044 cuius
493 1983 579 2044 filiae
610 1985 762 2065 Clymene
786 1984 944 2066 Nauplio,
974 1983 1107 2064 Aerope

104 2085 266 2157 Plistheni
305 2098 482 2167 nupserant
490 2075 513 2164 3⁷
536 2084 720 2147 Plisthenes
759 2102 799 2146 ex
830 2087 964 2167 Aeropa
996 2085 1109 2168 genuit

106 2193 382 2275 Agamemnonem
405 2198 439 2250 et
459 2190 641 2251 Menelaum
669 2187 770 2268 filios,
798 2185 962 2273 filiamque
991 2189 1109 2250 Anaxi-

104 2293 209 2374 biam,
237 2315 333 2378 quam
353 2296 474 2354 Nestor
495 2313 630 2356 uxorem
650 2291 776 2355 habuit:
808 2292 977 2376 (Apollod.
1000 2293 1055 2372 111,
1078 2313 1106 2374 a,

107 2420 120 2456 1
147 2404 181 2458 et
202 2416 240 2476 23
266 2397 354 2458 Dict.
376 2397 464 2460 Cret.
485 2398 509 2473 1,
534 2398 576 2476 ι).
623 2395 756 2478 Pelopia
791 2405 899 2456 aetem
929 2392 992 2456 fuit
1022 2393 1106 2454 filius

85 2571 88 2576 Ι
106 2499 247 2574 Atreus,
267 2495 440 2576 Plisthenis¹
461 2509 570 2578 pater3
604 2495 644 2556 de
667 2506 777 2557 cetera
796 2495 929 2578 Pelopia
949 2497 1106 2579 progenie

105 2598 192 2658 infra
212 2597 343 2658 uberius
366 2597 570 2658 disseremus.

110 2773 114 2780 Ι
187 2700 307 2778 Minos3
336 2699 452 2760 Cretae
473 2721 546 2776 rex,
579 2713 648 2760 tum
670 2699 794 2784 origine
816 2702 934 2784 clarus,
965 2725 1005 2768 ex
1026 2707 1104 2766 love

106 2804 193 2866 enim
225 2823 299 2862 eum
332 2804 467 2884 Europa
494 2801 665 2864 Phoenicis
698 2804 764 2865 filia
797 2779 946 2890 genuisse
984 2807 1103 2868 dicitur

105 2907 219 2978 (Hom.
240 2903 278 2964 ll.
309 2903 335 2976 ξ,
356 2903 414 2980 313
444 2925 474 2982 y,
496 2904 574 2983 4503
611 2903 669 2966 Od.
703 2909 731 2980 λ,
752 2905 830 2987 566;
861 2933 889 2983 τ,
924 2911 1009 2990 178),
1037 2918 1106 2970 tum

105 3002 245 3064 iustitiae
266 3013 300 3064 et
320 3003 543 3086 opum'glo'ria
564 3004 712 3088 insignis,
741 3007 798 3092 qui
819 3009 900 3073 adeo
922 3011 1017 3071 marie
1047 3011 1105 3072 im·

105 3105 236 3186 perium
249 3107 388 3165 tenuisse
404 3116 564 3187 narratur,
587 3107 762 3189 (Herodot.
784 3110 839 3188 111,
865 3129 935 3189 ¹²23
959 3109 1105 3192 Thucyd.

105 3210 130 3287 1,
151 3209 199 3290 4),
221 3209 309 3269 omni
339 3209 441 3272 leudis
462 3230 584 3294 genere
616 3213 702 3296 apud
728 3225 858 3280 veteres
892 3213 1106 3275 celebratissi-

105 3333 177 3378 mus
208 3315 290 3408 suite
322 3316 396 3374 Non
424 3295 529 3378 minor
563 3327 669 3380 tamen
701 3319 741 3380 de
763 3323 897 3400 Europa
927 3319 1011 3380 fama
1034 3319 1106 3398 suit,

107 3433 190 3498 quae
211 3420 245 3474 in
267 3412 400 3475 dearum
420 3437 555 3477 numero
576 3414 684 3478 habito
707 3425 773 3494 cst3
796 3417 931 3478 eandem
945 3437 1015 3480 esse
1031 3439 1105 3478 cum

105 3520 249 3593 Astarte,
273 3519 304 3577 et
326 3517 446 3592 Sidone
475 3517 648 3602 praecipue
677 3518 796 3580 cultam
818 3539 887 3582 eece
917 3523 1021 3582 refert
1041 3525 1107 3582 Lu·

106 3621 187 3682 cian.
211 3619 250 3681 de
271 3621 342 3683 Dea
355 3623 426 3704 Syr.
447 3626 476 3691 4,
493 3623 607 3684 Cretae
630 3621 789 3702 templum
810 3623 879 3684 eius
902 3621 1106 3704 magnificen-

106 3723 264 3785 tissimum
301 3734 468 3785 memorat.
494 3723 605 3805 Dictys
634 3723 656 3783 l.
677 3722 699 3780 l.
733 3721 913 3802 Singularia
954 3720 993 3780 de
1038 3719 1107 3802 ipsa

111 3826 248 3886 carmina
270 3825 412 3888 extitisse
433 3825 604 3902 videntur3
638 3821 747 3884 laudat
767 3821 937 3882 Pausaniae
959 3821 1014 3896 tx,
1035 3821 1064 3895 5,
1086 3820 1107 3879 8

107 3919 149 3984 τὰ
172 3921 231 4006 ἔπη
262 3928 311 4002 εἰς
340 3924 517 4012 Εὐρώπην,
549 3948 689 4012 quorum
721 3932 836 3986 auctor
867 3921 1024 3984 Eumelus
1046 3920 1107 3981 Co·

87 4026 246 4117 'riothius
273 4031 379 4093 fertur
387 4053 398 4111 ς
427 4029 536 4112 Schola
568 4019 619 4093 adt
640 4028 677 4090 Il.
700 4027 728 4109 ζ,
761 4026 817 4088 130
845 4023 886 4086 cf.
906 4027 1011 4106 Heym
1033 4019 1106 4084 edm

843 4127 886 4187 2*
