<?xml version="1.0" encoding="UTF-8"?>
<!DOCTYPE html PUBLIC "-//W3C//DTD XHTML 1.0 Transitional//EN"
    "http://www.w3.org/TR/xhtml1/DTD/xhtml1-transitional.dtd">
<html xmlns="http://www.w3.org/1999/xhtml" xml:lang="en" lang="en">
 <head>
  <title>
</title>
<meta http-equiv="Content-Type" content="text/html;charset=utf-8" />
  <meta name='ocr-system' content='tesseract 3.04.00' />
  <meta name='ocr-capabilities' content='ocr_page ocr_carea ocr_par ocr_line ocrx_word'/>
</head>
<body>
  <div class='ocr_page' id='page_1' title='image "./devarietatefabu00fuchgoog_0058.png"; bbox 0 0 2722 4776; ppageno 0'>
   <div class='ocr_carea' id='block_1_1' title="bbox 491 443 695 507">
    <p class='ocr_par' dir='ltr' id='par_1_1' title="bbox 491 443 695 507">
     <span class='ocr_line' id='line_1_1' title="bbox 491 443 695 507; baseline 0.01 -21"><span class='ocrx_word' id='word_1_1' title='bbox 491 443 695 507; x_wconf 77' lang='lat'>..53..</span> 
     </span>
    </p>
   </div>
   <div class='ocr_carea' id='block_1_2' title="bbox 9 605 1198 2344">
    <p class='ocr_par' dir='ltr' id='par_1_2' title="bbox 9 605 1198 2344">
     <span class='ocr_line' id='line_1_2' title="bbox 90 605 1103 696; baseline -0.008 -18"><span class='ocrx_word' id='word_1_2' title='bbox 90 635 163 678; x_wconf 88' lang='lat' dir='ltr'><strong>non</strong></span> <span class='ocrx_word' id='word_1_3' title='bbox 184 611 363 696; x_wconf 71' lang='lat' dir='ltr'><strong>neglexisse</strong></span> <span class='ocrx_word' id='word_1_4' title='bbox 385 607 476 672; x_wconf 88' lang='lat' dir='ltr'><strong>credi</strong></span> <span class='ocrx_word' id='word_1_5' title='bbox 508 605 617 672; x_wconf 88' lang='lat' dir='ltr'><strong>debet.</strong></span> <span class='ocrx_word' id='word_1_6' title='bbox 659 607 709 670; x_wconf 87' lang='lat' dir='ltr'><strong>Ab</strong></span> <span class='ocrx_word' id='word_1_7' title='bbox 741 627 782 670; x_wconf 90' lang='lat' dir='ltr'><strong>eo</strong></span> <span class='ocrx_word' id='word_1_8' title='bbox 809 617 917 672; x_wconf 87' lang='lat' dir='ltr'><strong>temen</strong></span> <span class='ocrx_word' id='word_1_9' title='bbox 951 606 1005 669; x_wconf 90' lang='lat' dir='ltr'><strong>alii</strong></span> <span class='ocrx_word' id='word_1_10' title='bbox 1041 607 1103 670; x_wconf 88' lang='lat' dir='ltr'><strong>dis·</strong></span> 
     </span>
     <span class='ocr_line' id='line_1_3' title="bbox 87 709 1102 796; baseline -0.008 -17"><span class='ocrx_word' id='word_1_11' title='bbox 87 715 254 794; x_wconf 87' lang='lat' dir='ltr'><strong>sentinnt,</strong></span> <span class='ocrx_word' id='word_1_12' title='bbox 277 713 333 796; x_wconf 88' lang='lat' dir='ltr'><strong>qui</strong></span> <span class='ocrx_word' id='word_1_13' title='bbox 354 713 529 794; x_wconf 86' lang='lat' dir='ltr'><strong>Cynortem</strong></span> <span class='ocrx_word' id='word_1_14' title='bbox 550 710 723 793; x_wconf 88' lang='lat' dir='ltr'><strong>omittunt,</strong></span> <span class='ocrx_word' id='word_1_15' title='bbox 744 724 782 773; x_wconf 92' lang='lat' dir='ltr'><strong>ut</strong></span> <span class='ocrx_word' id='word_1_16' title='bbox 800 711 930 792; x_wconf 78' lang='lat' dir='ltr'><strong>Dictys,</strong></span> <span class='ocrx_word' id='word_1_17' title='bbox 950 709 1024 791; x_wconf 87' lang='lat' dir='ltr'><strong>alii,</strong></span> <span class='ocrx_word' id='word_1_18' title='bbox 1047 710 1102 796; x_wconf 85' lang='lat' dir='ltr'><strong>qui</strong></span> 
     </span>
     <span class='ocr_line' id='line_1_4' title="bbox 89 813 1102 902; baseline -0.003 -21"><span class='ocrx_word' id='word_1_19' title='bbox 89 820 250 902; x_wconf 83' lang='lat' dir='ltr'><strong>Argalum</strong></span> <span class='ocrx_word' id='word_1_20' title='bbox 270 839 337 881; x_wconf 91' lang='lat' dir='ltr'><strong>non</strong></span> <span class='ocrx_word' id='word_1_21' title='bbox 356 819 536 899; x_wconf 88' lang='lat' dir='ltr'><strong>nominant,</strong></span> <span class='ocrx_word' id='word_1_22' title='bbox 562 826 601 879; x_wconf 88' lang='lat' dir='ltr'><strong>ut</strong></span> <span class='ocrx_word' id='word_1_23' title='bbox 621 816 841 900; x_wconf 87' lang='lat' dir='ltr'><strong>Apollodorus</strong></span> <span class='ocrx_word' id='word_1_24' title='bbox 864 816 915 892; x_wconf 84' lang='lat'><strong>111,</strong></span> <span class='ocrx_word' id='word_1_25' title='bbox 946 833 992 895; x_wconf 83' lang='lat' dir='ltr'><strong>ro,</strong></span> <span class='ocrx_word' id='word_1_26' title='bbox 1013 813 1044 894; x_wconf 86' lang='grc'><strong>3,</strong></span> <span class='ocrx_word' id='word_1_27' title='bbox 1071 815 1102 878; x_wconf 82' lang='lat'><strong>6.</strong></span> 
     </span>
     <span class='ocr_line' id='line_1_5' title="bbox 87 913 1096 1016; baseline -0.006 -36"><span class='ocrx_word' id='word_1_28' title='bbox 87 917 431 1016; x_wconf 51' lang='lat' dir='ltr'><strong>Haecjiscrepantia</strong></span> <span class='ocrx_word' id='word_1_29' title='bbox 451 918 527 980; x_wconf 89' lang='lat' dir='ltr'><strong>inde</strong></span> <span class='ocrx_word' id='word_1_30' title='bbox 550 929 623 980; x_wconf 85' lang='lat' dir='ltr'><strong>orta</strong></span> <span class='ocrx_word' id='word_1_31' title='bbox 644 924 712 995; x_wconf 88' lang='lat' dir='ltr'><strong>est,</strong></span> <span class='ocrx_word' id='word_1_32' title='bbox 745 913 836 1000; x_wconf 88' lang='lat' dir='ltr'><strong>quod</strong></span> <span class='ocrx_word' id='word_1_33' title='bbox 855 923 1015 999; x_wconf 87' lang='lat' dir='ltr'><strong>uterque,</strong></span> <span class='ocrx_word' id='word_1_34' title='bbox 1038 913 1096 996; x_wconf 74' lang='lat' dir='ltr'><strong>ey-</strong></span> 
     </span>
     <span class='ocr_line' id='line_1_6' title="bbox 85 1021 1098 1109; baseline -0.002 -23"><span class='ocrx_word' id='word_1_35' title='bbox 85 1038 206 1088; x_wconf 87' lang='lat' dir='ltr'><strong>nortes</strong></span> <span class='ocrx_word' id='word_1_36' title='bbox 229 1034 263 1088; x_wconf 90' lang='lat' dir='ltr'><strong>et</strong></span> <span class='ocrx_word' id='word_1_37' title='bbox 282 1027 417 1108; x_wconf 83' lang='lat' dir='ltr'><strong>Argalus</strong></span> <span class='ocrx_word' id='word_1_38' title='bbox 437 1025 497 1088; x_wconf 91' lang='lat' dir='ltr'><strong>filii</strong></span> <span class='ocrx_word' id='word_1_39' title='bbox 518 1025 673 1109; x_wconf 76' lang='lat' dir='ltr'><strong>Amyclae</strong></span> <span class='ocrx_word' id='word_1_40' title='bbox 693 1023 848 1102; x_wconf 82' lang='lat' dir='ltr'><strong>fuerunt,</strong></span> <span class='ocrx_word' id='word_1_41' title='bbox 869 1023 963 1084; x_wconf 89' lang='lat' dir='ltr'><strong>Paus.</strong></span> <span class='ocrx_word' id='word_1_42' title='bbox 986 1021 1045 1099; x_wconf 91' lang='lat' dir='ltr'><strong>Ill,</strong></span> <span class='ocrx_word' id='word_1_43' title='bbox 1071 1045 1098 1100; x_wconf 85' lang='lat'><strong>1,</strong></span> 
     </span>
     <span class='ocr_line' id='line_1_7' title="bbox 91 1125 1102 1214; baseline -0.007 -21"><span class='ocrx_word' id='word_1_44' title='bbox 91 1131 142 1210; x_wconf 81' lang='lat'><strong>33</strong></span> <span class='ocrx_word' id='word_1_45' title='bbox 165 1128 229 1190; x_wconf 91' lang='lat' dir='ltr'><strong>hcc</strong></span> <span class='ocrx_word' id='word_1_46' title='bbox 245 1141 363 1210; x_wconf 87' lang='lat' dir='ltr'><strong>entem,</strong></span> <span class='ocrx_word' id='word_1_47' title='bbox 385 1131 442 1214; x_wconf 89' lang='lat' dir='ltr'><strong>qui</strong></span> <span class='ocrx_word' id='word_1_48' title='bbox 456 1142 535 1192; x_wconf 85' lang='lat' dir='ltr'><strong>natu</strong></span> <span class='ocrx_word' id='word_1_49' title='bbox 545 1127 698 1190; x_wconf 85' lang='lat' dir='ltr'><strong>maximus</strong></span> <span class='ocrx_word' id='word_1_50' title='bbox 712 1135 792 1205; x_wconf 86' lang='lat' dir='ltr'><strong>erat,</strong></span> <span class='ocrx_word' id='word_1_51' title='bbox 813 1125 984 1187; x_wconf 88' lang='lat' dir='ltr'><strong>immatura</strong></span> <span class='ocrx_word' id='word_1_52' title='bbox 995 1133 1102 1186; x_wconf 85' lang='lat' dir='ltr'><strong>morte</strong></span> 
     </span>
     <span class='ocr_line' id='line_1_8' title="bbox 93 1232 1101 1318; baseline -0.001 -25"><span class='ocrx_word' id='word_1_53' title='bbox 93 1233 262 1314; x_wconf 82' lang='lat' dir='ltr'><strong>defuncto,</strong></span> <span class='ocrx_word' id='word_1_54' title='bbox 284 1235 442 1317; x_wconf 83' lang='lat' dir='ltr'><strong>Cynortes</strong></span> <span class='ocrx_word' id='word_1_55' title='bbox 463 1254 601 1318; x_wconf 81' lang='lat' dir='ltr'><strong>regnum</strong></span> <span class='ocrx_word' id='word_1_56' title='bbox 622 1235 757 1315; x_wconf 86' lang='lat' dir='ltr'><strong>accepit.</strong></span> <span class='ocrx_word' id='word_1_57' title='bbox 789 1233 884 1294; x_wconf 80' lang='lat' dir='ltr'><strong>Alter</strong></span> <span class='ocrx_word' id='word_1_58' title='bbox 901 1232 1012 1316; x_wconf 86' lang='lat' dir='ltr'><strong>itaque</strong></span> <span class='ocrx_word' id='word_1_59' title='bbox 1026 1251 1101 1294; x_wconf 87' lang='lat' dir='ltr'><strong>enm</strong></span> 
     </span>
     <span class='ocr_line' id='line_1_9' title="bbox 90 1333 1100 1417; baseline -0.003 -20"><span class='ocrx_word' id='word_1_60' title='bbox 90 1333 245 1397; x_wconf 84' lang='lat' dir='ltr'><strong>ordinem</strong></span> <span class='ocrx_word' id='word_1_61' title='bbox 264 1344 398 1399; x_wconf 84' lang='lat' dir='ltr'><strong>secutus</strong></span> <span class='ocrx_word' id='word_1_62' title='bbox 419 1345 480 1415; x_wconf 85' lang='lat' dir='ltr'><strong>est,</strong></span> <span class='ocrx_word' id='word_1_63' title='bbox 502 1347 540 1398; x_wconf 89' lang='lat' dir='ltr'><strong>ut</strong></span> <span class='ocrx_word' id='word_1_64' title='bbox 559 1333 687 1417; x_wconf 78' lang='lat' dir='ltr'><strong>generis</strong></span> <span class='ocrx_word' id='word_1_65' title='bbox 709 1342 859 1396; x_wconf 88' lang='lat' dir='ltr'><strong>auctores</strong></span> <span class='ocrx_word' id='word_1_66' title='bbox 881 1341 1100 1414; x_wconf 88' lang='lat' dir='ltr'><strong>enumeraret,</strong></span> 
     </span>
     <span class='ocr_line' id='line_1_10' title="bbox 90 1439 1096 1524; baseline -0.004 -23"><span class='ocrx_word' id='word_1_67' title='bbox 90 1460 162 1502; x_wconf 90' lang='lat' dir='ltr'><strong>non</strong></span> <span class='ocrx_word' id='word_1_68' title='bbox 183 1454 301 1521; x_wconf 88' lang='lat' dir='ltr'><strong>autem,</strong></span> <span class='ocrx_word' id='word_1_69' title='bbox 322 1450 359 1503; x_wconf 90' lang='lat' dir='ltr'><strong>ut</strong></span> <span class='ocrx_word' id='word_1_70' title='bbox 380 1441 563 1519; x_wconf 74' lang='lat' dir='ltr'><strong>Pausanias,</strong></span> <span class='ocrx_word' id='word_1_71' title='bbox 584 1460 698 1524; x_wconf 83' lang='lat' dir='ltr'><strong>regum</strong></span> <span class='ocrx_word' id='word_1_72' title='bbox 719 1439 858 1518; x_wconf 87' lang='lat' dir='ltr'><strong>seriem,</strong></span> <span class='ocrx_word' id='word_1_73' title='bbox 879 1442 963 1502; x_wconf 88' lang='lat' dir='ltr'><strong>alter</strong></span> <span class='ocrx_word' id='word_1_74' title='bbox 981 1457 1096 1501; x_wconf 88' lang='lat' dir='ltr'><strong>errore</strong></span> 
     </span>
     <span class='ocr_line' id='line_1_11' title="bbox 88 1539 1097 1625; baseline 0.001 -26"><span class='ocrx_word' id='word_1_75' title='bbox 88 1539 247 1624; x_wconf 87' lang='lat' dir='ltr'><strong>deceptus</strong></span> <span class='ocrx_word' id='word_1_76' title='bbox 272 1543 449 1624; x_wconf 85' lang='lat' dir='ltr'><strong>Cynortem</strong></span> <span class='ocrx_word' id='word_1_77' title='bbox 470 1561 544 1603; x_wconf 89' lang='lat' dir='ltr'><strong>oum</strong></span> <span class='ocrx_word' id='word_1_78' title='bbox 564 1542 683 1625; x_wconf 83' lang='lat' dir='ltr'><strong>Argelo</strong></span> <span class='ocrx_word' id='word_1_79' title='bbox 705 1541 925 1620; x_wconf 84' lang='lat' dir='ltr'><strong>commutavit,</strong></span> <span class='ocrx_word' id='word_1_80' title='bbox 947 1540 1036 1624; x_wconf 92' lang='lat' dir='ltr'><strong>quod</strong></span> <span class='ocrx_word' id='word_1_81' title='bbox 1056 1557 1097 1600; x_wconf 91' lang='lat' dir='ltr'><strong>eo</strong></span> 
     </span>
     <span class='ocr_line' id='line_1_12' title="bbox 9 1629 1198 1728; baseline 0.004 -27"><span class='ocrx_word' id='word_1_82' title='bbox 9 1629 34 1663; x_wconf 43' lang='lat'><strong>&#39;³</strong></span> <span class='ocrx_word' id='word_1_83' title='bbox 87 1639 218 1703; x_wconf 80' lang='lat' dir='ltr'><strong>facilius</strong></span> <span class='ocrx_word' id='word_1_84' title='bbox 249 1641 323 1703; x_wconf 86' lang='lat' dir='ltr'><strong>fieri</strong></span> <span class='ocrx_word' id='word_1_85' title='bbox 353 1651 501 1725; x_wconf 84' lang='lat' dir='ltr'><strong>poterat,</strong></span> <span class='ocrx_word' id='word_1_86' title='bbox 534 1643 609 1728; x_wconf 89' lang='lat' dir='ltr'><strong>quia</strong></span> <span class='ocrx_word' id='word_1_87' title='bbox 644 1641 684 1704; x_wconf 87' lang='lat' dir='ltr'><strong>ab</strong></span> <span class='ocrx_word' id='word_1_88' title='bbox 714 1641 784 1704; x_wconf 88' lang='lat' dir='ltr'><strong>aliis</strong></span> <span class='ocrx_word' id='word_1_89' title='bbox 815 1639 954 1726; x_wconf 84' lang='lat' dir='ltr'><strong>antiquis</strong></span> <span class='ocrx_word' id='word_1_90' title='bbox 988 1643 1098 1724; x_wconf 86' lang='lat' dir='ltr'><strong>poetis</strong></span> <span class='ocrx_word' id='word_1_91' title='bbox 1187 1683 1198 1706; x_wconf 85' lang='grc'><strong>.</strong></span> 
     </span>
     <span class='ocr_line' id='line_1_13' title="bbox 29 1739 1095 1830; baseline -0.001 -26"><span class='ocrx_word' id='word_1_92' title='bbox 29 1739 39 1776; x_wconf 79' lang='grc'><strong>·’</strong></span> <span class='ocrx_word' id='word_1_93' title='bbox 90 1744 199 1806; x_wconf 90' lang='lat' dir='ltr'><strong>omnis</strong></span> <span class='ocrx_word' id='word_1_94' title='bbox 221 1745 375 1829; x_wconf 87' lang='lat' dir='ltr'><strong>prosapia</strong></span> <span class='ocrx_word' id='word_1_95' title='bbox 395 1745 491 1808; x_wconf 87' lang='lat' dir='ltr'><strong>aliter</strong></span> <span class='ocrx_word' id='word_1_96' title='bbox 512 1743 675 1830; x_wconf 85' lang='lat' dir='ltr'><strong>descripta</strong></span> <span class='ocrx_word' id='word_1_97' title='bbox 695 1743 813 1809; x_wconf 82' lang='lat' dir='ltr'><strong>fuerat.</strong></span> <span class='ocrx_word' id='word_1_98' title='bbox 846 1745 995 1806; x_wconf 85' lang='lat' dir='ltr'><strong>Fuerunt</strong></span> <span class='ocrx_word' id='word_1_99' title='bbox 1009 1743 1095 1804; x_wconf 88' lang='lat' dir='ltr'><strong>enim</strong></span> 
     </span>
     <span class='ocr_line' id='line_1_14' title="bbox 32 1845 1091 1930; baseline 0.001 -25"><span class='ocrx_word' id='word_1_100' title='bbox 32 1864 37 1872; x_wconf 90' lang='grc'><strong>’</strong></span> <span class='ocrx_word' id='word_1_101' title='bbox 86 1845 204 1924; x_wconf 90' lang='lat' dir='ltr'><strong>multi,</strong></span> <span class='ocrx_word' id='word_1_102' title='bbox 233 1847 290 1930; x_wconf 89' lang='lat' dir='ltr'><strong>qui</strong></span> <span class='ocrx_word' id='word_1_103' title='bbox 309 1848 468 1910; x_wconf 88' lang='lat' dir='ltr'><strong>Perieren</strong></span> <span class='ocrx_word' id='word_1_104' title='bbox 490 1847 653 1929; x_wconf 86' lang='lat' dir='ltr'><strong>Cynortae</strong></span> <span class='ocrx_word' id='word_1_105' title='bbox 673 1845 777 1909; x_wconf 87' lang='lat' dir='ltr'><strong>filium</strong></span> <span class='ocrx_word' id='word_1_106' title='bbox 808 1845 971 1924; x_wconf 81' lang='lat' dir='ltr'><strong>dicerent,</strong></span> <span class='ocrx_word' id='word_1_107' title='bbox 1001 1845 1091 1906; x_wconf 86' lang='lat' dir='ltr'><strong>cuius</strong></span> 
     </span>
     <span class='ocr_line' id='line_1_15' title="bbox 86 1948 1095 2036; baseline 0.004 -28"><span class='ocrx_word' id='word_1_108' title='bbox 86 1961 146 2010; x_wconf 86' lang='lat' dir='ltr'><strong>ant</strong></span> <span class='ocrx_word' id='word_1_109' title='bbox 178 1948 268 2011; x_wconf 81' lang='lat' dir='ltr'><strong>iilius</strong></span> <span class='ocrx_word' id='word_1_110' title='bbox 295 1963 351 2013; x_wconf 90' lang='lat' dir='ltr'><strong>ant</strong></span> <span class='ocrx_word' id='word_1_111' title='bbox 383 1972 423 2013; x_wconf 85' lang='lat' dir='ltr'><strong>ex</strong></span> <span class='ocrx_word' id='word_1_112' title='bbox 444 1950 573 2014; x_wconf 85' lang='lat' dir='ltr'><strong>Oebalo</strong></span> <span class='ocrx_word' id='word_1_113' title='bbox 595 1952 666 2013; x_wconf 81' lang='lat' dir='ltr'><strong>filio</strong></span> <span class='ocrx_word' id='word_1_114' title='bbox 687 1971 789 2036; x_wconf 87' lang='lat' dir='ltr'><strong>nepos</strong></span> <span class='ocrx_word' id='word_1_115' title='bbox 812 1949 983 2034; x_wconf 83' lang='lat' dir='ltr'><strong>Tyndarus</strong></span> <span class='ocrx_word' id='word_1_116' title='bbox 1019 1949 1095 2012; x_wconf 85' lang='lat' dir='ltr'><strong>fuis·</strong></span> 
     </span>
     <span class='ocr_line' id='line_1_16' title="bbox 84 2049 1097 2132; baseline 0.005 -23"><span class='ocrx_word' id='word_1_117' title='bbox 84 2057 159 2130; x_wconf 71' lang='lat' dir='ltr'><strong>set,</strong></span> <span class='ocrx_word' id='word_1_118' title='bbox 190 2049 247 2110; x_wconf 92' lang='lat' dir='ltr'><strong>alii</strong></span> <span class='ocrx_word' id='word_1_119' title='bbox 272 2061 381 2112; x_wconf 88' lang='lat' dir='ltr'><strong>autem</strong></span> <span class='ocrx_word' id='word_1_120' title='bbox 400 2051 558 2113; x_wconf 84' lang='lat' dir='ltr'><strong>Perieren</strong></span> <span class='ocrx_word' id='word_1_121' title='bbox 579 2052 677 2114; x_wconf 83' lang='lat' dir='ltr'><strong>Aeoli</strong></span> <span class='ocrx_word' id='word_1_122' title='bbox 697 2054 802 2115; x_wconf 83' lang='lat' dir='ltr'><strong>lilium</strong></span> <span class='ocrx_word' id='word_1_123' title='bbox 821 2052 1036 2132; x_wconf 86' lang='lat' dir='ltr'><strong>tradiderunt,</strong></span> <span class='ocrx_word' id='word_1_124' title='bbox 1060 2062 1097 2114; x_wconf 83' lang='lat' dir='ltr'><strong>ut</strong></span> 
     </span>
     <span class='ocr_line' id='line_1_17' title="bbox 86 2146 1096 2241; baseline 0.002 -25"><span class='ocrx_word' id='word_1_125' title='bbox 86 2146 123 2216; x_wconf 74' lang='lat' dir='ltr'><strong>in</strong></span> <span class='ocrx_word' id='word_1_126' title='bbox 143 2157 244 2218; x_wconf 85' lang='lat' dir='ltr'><strong>Ensis</strong></span> <span class='ocrx_word' id='word_1_127' title='bbox 265 2169 431 2220; x_wconf 81' lang='lat' dir='ltr'><strong>narratum</strong></span> <span class='ocrx_word' id='word_1_128' title='bbox 452 2155 582 2237; x_wconf 86' lang='lat' dir='ltr'><strong>fuerat,</strong></span> <span class='ocrx_word' id='word_1_129' title='bbox 620 2157 715 2219; x_wconf 85' lang='lat' dir='ltr'><strong>Pcus.</strong></span> <span class='ocrx_word' id='word_1_130' title='bbox 736 2159 790 2237; x_wconf 89' lang='lat' dir='ltr'><strong>IV,</strong></span> <span class='ocrx_word' id='word_1_131' title='bbox 812 2177 841 2236; x_wconf 81' lang='lat' dir='ltr'><strong>a,</strong></span> <span class='ocrx_word' id='word_1_132' title='bbox 862 2177 900 2238; x_wconf 73' lang='lat' dir='ltr'><strong>a,</strong></span> <span class='ocrx_word' id='word_1_133' title='bbox 932 2160 973 2236; x_wconf 90' lang='lat' dir='ltr'><strong>ll,</strong></span> <span class='ocrx_word' id='word_1_134' title='bbox 995 2177 1044 2235; x_wconf 75' lang='grc' dir='ltr'><strong>οι,</strong></span> <span class='ocrx_word' id='word_1_135' title='bbox 1060 2179 1096 2241; x_wconf 79' lang='lat'><strong>73</strong></span> 
     </span>
     <span class='ocr_line' id='line_1_18' title="bbox 88 2255 1094 2344; baseline 0.005 -27"><span class='ocrx_word' id='word_1_136' title='bbox 88 2255 245 2337; x_wconf 85' lang='lat' dir='ltr'><strong>Apollod.</strong></span> <span class='ocrx_word' id='word_1_137' title='bbox 267 2259 290 2336; x_wconf 86' lang='grc' dir='ltr'><strong>Ι,</strong></span> <span class='ocrx_word' id='word_1_138' title='bbox 311 2279 341 2344; x_wconf 84' lang='lat'><strong>9,</strong></span> <span class='ocrx_word' id='word_1_139' title='bbox 364 2261 403 2342; x_wconf 83' lang='lat'><strong>53</strong></span> <span class='ocrx_word' id='word_1_140' title='bbox 437 2259 642 2323; x_wconf 77' lang='lat' dir='ltr'><strong>Stesichorus</strong></span> <span class='ocrx_word' id='word_1_141' title='bbox 665 2274 775 2324; x_wconf 88' lang='lat' dir='ltr'><strong>autem</strong></span> <span class='ocrx_word' id='word_1_142' title='bbox 797 2263 958 2344; x_wconf 86' lang='lat' dir='ltr'><strong>Cynortae</strong></span> <span class='ocrx_word' id='word_1_143' title='bbox 987 2260 1094 2322; x_wconf 78' lang='lat' dir='ltr'><strong>lilium</strong></span> 
     </span>
    </p>
   </div>
   <div class='ocr_carea' id='block_1_3' title="bbox 86 2359 1097 2651">
    <p class='ocr_par' dir='ltr' id='par_1_3' title="bbox 86 2359 1097 2651">
     <span class='ocr_line' id='line_1_19' title="bbox 86 2359 1097 2450; baseline 0.001 -30"><span class='ocrx_word' id='word_1_144' title='bbox 86 2361 246 2422; x_wconf 85' lang='lat' dir='ltr'><strong>Perieren</strong></span> <span class='ocrx_word' id='word_1_145' title='bbox 267 2359 401 2443; x_wconf 76' lang='lat' dir='ltr'><strong>dixerat,</strong></span> <span class='ocrx_word' id='word_1_146' title='bbox 428 2364 484 2450; x_wconf 89' lang='lat' dir='ltr'><strong>qui</strong></span> <span class='ocrx_word' id='word_1_147' title='bbox 501 2364 666 2448; x_wconf 80' lang='lat' dir='ltr'><strong>genuisset</strong></span> <span class='ocrx_word' id='word_1_148' title='bbox 687 2360 890 2445; x_wconf 68' lang='lat' dir='ltr'><strong>Tyndarum</strong></span> <span class='ocrx_word' id='word_1_149' title='bbox 918 2363 1031 2425; x_wconf 74' lang='lat' dir='ltr'><strong>Tacta.</strong></span> <span class='ocrx_word' id='word_1_150' title='bbox 1057 2359 1097 2421; x_wconf 88' lang='lat' dir='ltr'><strong>ad</strong></span> 
     </span>
     <span class='ocr_line' id='line_1_20' title="bbox 87 2461 1095 2547; baseline 0 -25"><span class='ocrx_word' id='word_1_151' title='bbox 87 2464 168 2544; x_wconf 85' lang='lat' dir='ltr'><strong>Lyc.</strong></span> <span class='ocrx_word' id='word_1_152' title='bbox 190 2462 266 2545; x_wconf 78' lang='lat'><strong>5113</strong></span> <span class='ocrx_word' id='word_1_153' title='bbox 286 2461 443 2546; x_wconf 87' lang='lat' dir='ltr'><strong>Apollod.</strong></span> <span class='ocrx_word' id='word_1_154' title='bbox 466 2463 519 2542; x_wconf 85' lang='lat'><strong>111,</strong></span> <span class='ocrx_word' id='word_1_155' title='bbox 544 2485 589 2544; x_wconf 88' lang='grc' dir='ltr'><strong>ιο,</strong></span> <span class='ocrx_word' id='word_1_156' title='bbox 611 2469 641 2534; x_wconf 78' lang='grc'><strong>4.</strong></span> <span class='ocrx_word' id='word_1_157' title='bbox 684 2465 896 2546; x_wconf 82' lang='lat' dir='ltr'><strong>Tragicorum</strong></span> <span class='ocrx_word' id='word_1_158' title='bbox 923 2474 1095 2547; x_wconf 84' lang='lat' dir='ltr'><strong>poetarum</strong></span> 
     </span>
     <span class='ocr_line' id='line_1_21' title="bbox 90 2565 1092 2651; baseline 0.002 -25"><span class='ocrx_word' id='word_1_159' title='bbox 90 2566 286 2627; x_wconf 85' lang='lat' dir='ltr'><strong>carminibus</strong></span> <span class='ocrx_word' id='word_1_160' title='bbox 306 2566 387 2630; x_wconf 87' lang='lat' dir='ltr'><strong>haec</strong></span> <span class='ocrx_word' id='word_1_161' title='bbox 410 2570 538 2651; x_wconf 84' lang='lat' dir='ltr'><strong>generis</strong></span> <span class='ocrx_word' id='word_1_162' title='bbox 561 2569 661 2630; x_wconf 90' lang='lat' dir='ltr'><strong>series</strong></span> <span class='ocrx_word' id='word_1_163' title='bbox 682 2567 800 2630; x_wconf 89' lang='lat' dir='ltr'><strong>tradita</strong></span> <span class='ocrx_word' id='word_1_164' title='bbox 822 2567 922 2630; x_wconf 79' lang='lat' dir='ltr'><strong>luisse</strong></span> <span class='ocrx_word' id='word_1_165' title='bbox 950 2565 1092 2647; x_wconf 82' lang='lat' dir='ltr'><strong>videtur,</strong></span> 
     </span>
    </p>
   </div>
   <div class='ocr_carea' id='block_1_4' title="bbox 11 2667 1137 4190">
    <p class='ocr_par' dir='ltr' id='par_1_4' title="bbox 11 2667 1137 4190">
     <span class='ocr_line' id='line_1_22' title="bbox 92 2667 1092 2754; baseline 0.008 -26"><span class='ocrx_word' id='word_1_166' title='bbox 92 2667 281 2748; x_wconf 82' lang='lat' dir='ltr'><strong>Tyndarum</strong></span> <span class='ocrx_word' id='word_1_167' title='bbox 316 2688 356 2731; x_wconf 85' lang='lat' dir='ltr'><strong>ex</strong></span> <span class='ocrx_word' id='word_1_168' title='bbox 384 2668 508 2733; x_wconf 88' lang='lat' dir='ltr'><strong>Oebalo</strong></span> <span class='ocrx_word' id='word_1_169' title='bbox 535 2683 690 2754; x_wconf 84' lang='lat' dir='ltr'><strong>nepotem</strong></span> <span class='ocrx_word' id='word_1_170' title='bbox 722 2673 864 2734; x_wconf 88' lang='lat' dir='ltr'><strong>Perieris</strong></span> <span class='ocrx_word' id='word_1_171' title='bbox 900 2669 1018 2751; x_wconf 79' lang='lat' dir='ltr'><strong>inisse,</strong></span> <span class='ocrx_word' id='word_1_172' title='bbox 1050 2671 1092 2736; x_wconf 82' lang='lat' dir='ltr'><strong>cf.</strong></span> 
     </span>
     <span class='ocr_line' id='line_1_23' title="bbox 88 2767 1093 2858; baseline 0.007 -28"><span class='ocrx_word' id='word_1_173' title='bbox 88 2767 200 2835; x_wconf 82' lang='lat' dir='ltr'><strong>Schol.</strong></span> <span class='ocrx_word' id='word_1_174' title='bbox 221 2769 262 2831; x_wconf 87' lang='lat' dir='ltr'><strong>ad</strong></span> <span class='ocrx_word' id='word_1_175' title='bbox 283 2771 318 2832; x_wconf 89' lang='lat' dir='ltr'><strong>ll.</strong></span> <span class='ocrx_word' id='word_1_176' title='bbox 340 2773 372 2851; x_wconf 78' lang='grc' dir='ltr'><strong>β,</strong></span> <span class='ocrx_word' id='word_1_177' title='bbox 394 2772 473 2853; x_wconf 76' lang='lat'><strong>5813</strong></span> <span class='ocrx_word' id='word_1_178' title='bbox 495 2776 588 2836; x_wconf 85' lang='lat' dir='ltr'><strong>Eust.</strong></span> <span class='ocrx_word' id='word_1_179' title='bbox 609 2772 650 2834; x_wconf 86' lang='lat' dir='ltr'><strong>ad</strong></span> <span class='ocrx_word' id='word_1_180' title='bbox 671 2773 766 2840; x_wconf 84' lang='lat' dir='ltr'><strong>eund.</strong></span> <span class='ocrx_word' id='word_1_181' title='bbox 788 2775 824 2854; x_wconf 85' lang='lat'><strong>1.;</strong></span> <span class='ocrx_word' id='word_1_182' title='bbox 847 2773 956 2837; x_wconf 85' lang='lat' dir='ltr'><strong>schol.</strong></span> <span class='ocrx_word' id='word_1_183' title='bbox 977 2774 1093 2858; x_wconf 88' lang='lat' dir='ltr'><strong>Eurip.</strong></span> 
     </span>
     <span class='ocr_line' id='line_1_24' title="bbox 91 2867 1094 2959; baseline 0.01 -29"><span class='ocrx_word' id='word_1_184' title='bbox 91 2867 132 2930; x_wconf 90' lang='lat' dir='ltr'><strong>ad</strong></span> <span class='ocrx_word' id='word_1_185' title='bbox 154 2868 214 2932; x_wconf 91' lang='lat' dir='ltr'><strong>Or.</strong></span> <span class='ocrx_word' id='word_1_186' title='bbox 236 2870 316 2953; x_wconf 77' lang='lat'><strong>6153</strong></span> <span class='ocrx_word' id='word_1_187' title='bbox 339 2873 419 2956; x_wconf 78' lang='lat' dir='ltr'><strong>Hyg.</strong></span> <span class='ocrx_word' id='word_1_188' title='bbox 439 2878 498 2957; x_wconf 84' lang='lat'><strong>783</strong></span> <span class='ocrx_word' id='word_1_189' title='bbox 517 2875 669 2958; x_wconf 87' lang='lat' dir='ltr'><strong>Apollod.</strong></span> <span class='ocrx_word' id='word_1_190' title='bbox 690 2879 714 2955; x_wconf 93' lang='lat' dir='ltr'><strong>I,</strong></span> <span class='ocrx_word' id='word_1_191' title='bbox 735 2897 765 2959; x_wconf 81' lang='lat'><strong>9,</strong></span> <span class='ocrx_word' id='word_1_192' title='bbox 786 2877 815 2956; x_wconf 78' lang='grc'><strong>5,</strong></span> <span class='ocrx_word' id='word_1_193' title='bbox 837 2875 893 2938; x_wconf 91' lang='lat' dir='ltr'><strong>ubi</strong></span> <span class='ocrx_word' id='word_1_194' title='bbox 915 2877 1094 2940; x_wconf 87' lang='lat' dir='ltr'><strong>multorum</strong></span> 
     </span>
     <span class='ocr_line' id='line_1_25' title="bbox 90 2973 1096 3061; baseline 0.01 -29"><span class='ocrx_word' id='word_1_195' title='bbox 90 2973 307 3034; x_wconf 86' lang='lat' dir='ltr'><strong>narrationem</strong></span> <span class='ocrx_word' id='word_1_196' title='bbox 328 2995 400 3040; x_wconf 88' lang='lat' dir='ltr'><strong>esse</strong></span> <span class='ocrx_word' id='word_1_197' title='bbox 422 2975 509 3057; x_wconf 89' lang='lat' dir='ltr'><strong>dicit,</strong></span> <span class='ocrx_word' id='word_1_198' title='bbox 531 2977 636 3040; x_wconf 82' lang='lat' dir='ltr'><strong>filium</strong></span> <span class='ocrx_word' id='word_1_199' title='bbox 650 2975 811 3061; x_wconf 85' lang='lat' dir='ltr'><strong>Cynortae</strong></span> <span class='ocrx_word' id='word_1_200' title='bbox 833 2999 905 3042; x_wconf 84' lang='lat' dir='ltr'><strong>esse</strong></span> <span class='ocrx_word' id='word_1_201' title='bbox 919 2981 1096 3060; x_wconf 82' lang='lat' dir='ltr'><strong>Perieren3</strong></span> 
     </span>
     <span class='ocr_line' id='line_1_26' title="bbox 94 3079 1092 3167; baseline 0.013 -34"><span class='ocrx_word' id='word_1_202' title='bbox 94 3094 176 3155; x_wconf 85' lang='lat' dir='ltr'><strong>quae</strong></span> <span class='ocrx_word' id='word_1_203' title='bbox 209 3095 248 3136; x_wconf 89' lang='lat' dir='ltr'><strong>eo</strong></span> <span class='ocrx_word' id='word_1_204' title='bbox 280 3079 378 3160; x_wconf 81' lang='lat' dir='ltr'><strong>magis</strong></span> <span class='ocrx_word' id='word_1_205' title='bbox 406 3080 553 3145; x_wconf 84' lang='lat' dir='ltr'><strong>invalere</strong></span> <span class='ocrx_word' id='word_1_206' title='bbox 585 3081 715 3162; x_wconf 87' lang='lat' dir='ltr'><strong>debuit,</strong></span> <span class='ocrx_word' id='word_1_207' title='bbox 747 3085 898 3167; x_wconf 84' lang='lat' dir='ltr'><strong>quoniam</strong></span> <span class='ocrx_word' id='word_1_208' title='bbox 930 3085 1092 3146; x_wconf 68' lang='lat' dir='ltr'><strong>Lacedae«</strong></span> 
     </span>
     <span class='ocr_line' id='line_1_27' title="bbox 90 3179 1092 3266; baseline 0.006 -27"><span class='ocrx_word' id='word_1_209' title='bbox 90 3179 272 3240; x_wconf 81' lang='lat' dir='ltr'><strong>munierum</strong></span> <span class='ocrx_word' id='word_1_210' title='bbox 287 3191 357 3242; x_wconf 88' lang='lat' dir='ltr'><strong>erat</strong></span> <span class='ocrx_word' id='word_1_211' title='bbox 369 3183 514 3266; x_wconf 86' lang='lat' dir='ltr'><strong>propria,</strong></span> <span class='ocrx_word' id='word_1_212' title='bbox 535 3183 591 3246; x_wconf 85' lang='lat' dir='ltr'><strong>illa</strong></span> <span class='ocrx_word' id='word_1_213' title='bbox 612 3198 721 3247; x_wconf 86' lang='lat' dir='ltr'><strong>autem</strong></span> <span class='ocrx_word' id='word_1_214' title='bbox 734 3186 836 3247; x_wconf 87' lang='lat' dir='ltr'><strong>altera</strong></span> <span class='ocrx_word' id='word_1_215' title='bbox 848 3184 1092 3265; x_wconf 87' lang='lat' dir='ltr'><strong>Messeniorum,</strong></span> 
     </span>
     <span class='ocr_line' id='line_1_28' title="bbox 90 3278 1089 3365; baseline 0.009 -27"><span class='ocrx_word' id='word_1_216' title='bbox 90 3278 132 3340; x_wconf 83' lang='lat' dir='ltr'><strong>cl.</strong></span> <span class='ocrx_word' id='word_1_217' title='bbox 145 3279 243 3338; x_wconf 86' lang='lat' dir='ltr'><strong>Paua.</strong></span> <span class='ocrx_word' id='word_1_218' title='bbox 258 3278 293 3338; x_wconf 92' lang='lat' dir='ltr'><strong>ll.</strong></span> <span class='ocrx_word' id='word_1_219' title='bbox 306 3279 341 3341; x_wconf 89' lang='lat' dir='ltr'><strong>ll.</strong></span> <span class='ocrx_word' id='word_1_220' title='bbox 361 3281 534 3365; x_wconf 84' lang='lat' dir='ltr'><strong>Duplicem</strong></span> <span class='ocrx_word' id='word_1_221' title='bbox 546 3281 650 3346; x_wconf 86' lang='lat' dir='ltr'><strong>habeo</strong></span> <span class='ocrx_word' id='word_1_222' title='bbox 663 3284 759 3348; x_wconf 86' lang='lat' dir='ltr'><strong>huius</strong></span> <span class='ocrx_word' id='word_1_223' title='bbox 772 3283 938 3348; x_wconf 83' lang='lat' dir='ltr'><strong>varietatis</strong></span> <span class='ocrx_word' id='word_1_224' title='bbox 947 3303 1089 3347; x_wconf 89' lang='lat' dir='ltr'><strong>causam:</strong></span> 
     </span>
     <span class='ocr_line' id='line_1_29' title="bbox 11 3367 1087 3465; baseline 0.014 -29"><span class='ocrx_word' id='word_1_225' title='bbox 11 3367 17 3414; x_wconf 70' lang='lat' dir='ltr'><strong>&#39;v</strong></span> <span class='ocrx_word' id='word_1_226' title='bbox 90 3379 226 3464; x_wconf 87' lang='lat' dir='ltr'><strong>primum</strong></span> <span class='ocrx_word' id='word_1_227' title='bbox 255 3381 476 3465; x_wconf 82' lang='lat' dir='ltr'><strong>Gorgophone</strong></span> <span class='ocrx_word' id='word_1_228' title='bbox 504 3386 618 3448; x_wconf 86' lang='lat' dir='ltr'><strong>Persei</strong></span> <span class='ocrx_word' id='word_1_229' title='bbox 645 3385 712 3449; x_wconf 87' lang='lat' dir='ltr'><strong>filia</strong></span> <span class='ocrx_word' id='word_1_230' title='bbox 735 3387 853 3451; x_wconf 84' lang='lat' dir='ltr'><strong>Oebali</strong></span> <span class='ocrx_word' id='word_1_231' title='bbox 884 3397 918 3449; x_wconf 89' lang='lat' dir='ltr'><strong>et</strong></span> <span class='ocrx_word' id='word_1_232' title='bbox 945 3389 1087 3452; x_wconf 84' lang='lat' dir='ltr'><strong>Perieris</strong></span> 
     </span>
     <span class='ocr_line' id='line_1_30' title="bbox 12 3481 1137 3570; baseline 0.01 -29"><span class='ocrx_word' id='word_1_233' title='bbox 12 3513 13 3522; x_wconf 25' lang='grc' dir='ltr'><strong>κ</strong></span> <span class='ocrx_word' id='word_1_234' title='bbox 92 3501 170 3542; x_wconf 88' lang='lat' dir='ltr'><strong>uxor</strong></span> <span class='ocrx_word' id='word_1_235' title='bbox 190 3481 291 3544; x_wconf 85' lang='lat' dir='ltr'><strong>fuisse</strong></span> <span class='ocrx_word' id='word_1_236' title='bbox 313 3483 469 3567; x_wconf 75' lang='lat' dir='ltr'><strong>traditur,</strong></span> <span class='ocrx_word' id='word_1_237' title='bbox 488 3486 538 3548; x_wconf 89' lang='lat' dir='ltr'><strong>illi</strong></span> <span class='ocrx_word' id='word_1_238' title='bbox 558 3489 651 3570; x_wconf 82' lang='lat' dir='ltr'><strong>virgo</strong></span> <span class='ocrx_word' id='word_1_239' title='bbox 673 3488 819 3570; x_wconf 84' lang='lat' dir='ltr'><strong>nupsisse</strong></span> <span class='ocrx_word' id='word_1_240' title='bbox 841 3486 969 3568; x_wconf 90' lang='lat' dir='ltr'><strong>dicitur,</strong></span> <span class='ocrx_word' id='word_1_241' title='bbox 995 3487 1091 3551; x_wconf 89' lang='lat' dir='ltr'><strong>Paus.</strong></span> <span class='ocrx_word' id='word_1_242' title='bbox 1132 3483 1137 3490; x_wconf 76' lang='lat'>&#39;</span> 
     </span>
     <span class='ocr_line' id='line_1_31' title="bbox 94 3581 1090 3669; baseline 0.012 -29"><span class='ocrx_word' id='word_1_243' title='bbox 94 3581 131 3660; x_wconf 90' lang='lat' dir='ltr'><strong>ll,</strong></span> <span class='ocrx_word' id='word_1_244' title='bbox 153 3599 202 3660; x_wconf 75' lang='grc' dir='ltr'><strong>οι,</strong></span> <span class='ocrx_word' id='word_1_245' title='bbox 222 3603 259 3665; x_wconf 84' lang='lat'><strong>73</strong></span> <span class='ocrx_word' id='word_1_246' title='bbox 289 3581 365 3645; x_wconf 89' lang='lat' dir='ltr'><strong>huic</strong></span> <span class='ocrx_word' id='word_1_247' title='bbox 395 3597 472 3668; x_wconf 80' lang='lat' dir='ltr'><strong>post</strong></span> <span class='ocrx_word' id='word_1_248' title='bbox 504 3595 644 3648; x_wconf 87' lang='lat' dir='ltr'><strong>mortem</strong></span> <span class='ocrx_word' id='word_1_249' title='bbox 664 3586 816 3650; x_wconf 89' lang='lat' dir='ltr'><strong>Perieris.</strong></span> <span class='ocrx_word' id='word_1_250' title='bbox 858 3589 952 3652; x_wconf 86' lang='lat' dir='ltr'><strong>Paua.</strong></span> <span class='ocrx_word' id='word_1_251' title='bbox 976 3591 1033 3668; x_wconf 86' lang='lat' dir='ltr'><strong>IV,</strong></span> <span class='ocrx_word' id='word_1_252' title='bbox 1061 3611 1090 3669; x_wconf 78' lang='lat' dir='ltr'><strong>a,</strong></span> 
     </span>
     <span class='ocr_line' id='line_1_32' title="bbox 11 3685 1089 3774; baseline 0.009 -30"><span class='ocrx_word' id='word_1_253' title='bbox 11 3703 17 3734; x_wconf 65' lang='lat' dir='ltr'><strong>s</strong></span> <span class='ocrx_word' id='word_1_254' title='bbox 90 3689 124 3766; x_wconf 73' lang='lat'><strong>43</strong></span> <span class='ocrx_word' id='word_1_255' title='bbox 145 3685 200 3765; x_wconf 89' lang='lat'><strong>111,</strong></span> <span class='ocrx_word' id='word_1_256' title='bbox 224 3709 250 3766; x_wconf 86' lang='lat'><strong>1,</strong></span> <span class='ocrx_word' id='word_1_257' title='bbox 270 3691 307 3766; x_wconf 78' lang='lat'><strong>43</strong></span> <span class='ocrx_word' id='word_1_258' title='bbox 328 3689 397 3752; x_wconf 85' lang='lat' dir='ltr'><strong>sive</strong></span> <span class='ocrx_word' id='word_1_259' title='bbox 421 3691 520 3774; x_wconf 80' lang='lat' dir='ltr'><strong>igitur</strong></span> <span class='ocrx_word' id='word_1_260' title='bbox 532 3689 673 3753; x_wconf 86' lang='lat' dir='ltr'><strong>Perieris</strong></span> <span class='ocrx_word' id='word_1_261' title='bbox 694 3691 897 3756; x_wconf 87' lang='lat' dir='ltr'><strong>siveOebali</strong></span> <span class='ocrx_word' id='word_1_262' title='bbox 917 3690 1089 3754; x_wconf 87' lang='lat' dir='ltr'><strong>filiuserat</strong></span> 
     </span>
     <span class='ocr_line' id='line_1_33' title="bbox 11 3784 1087 3884; baseline 0.012 -39"><span class='ocrx_word' id='word_1_263' title='bbox 11 3803 13 3832; x_wconf 67' lang='lat'><em>³</em></span> <span class='ocrx_word' id='word_1_264' title='bbox 94 3784 266 3868; x_wconf 86' lang='lat' dir='ltr'><strong>Tyndarus,</strong></span> <span class='ocrx_word' id='word_1_265' title='bbox 287 3801 393 3854; x_wconf 88' lang='lat' dir='ltr'><strong>mater</strong></span> <span class='ocrx_word' id='word_1_266' title='bbox 413 3803 521 3854; x_wconf 87' lang='lat' dir='ltr'><strong>teman</strong></span> <span class='ocrx_word' id='word_1_267' title='bbox 543 3792 656 3855; x_wconf 88' lang='lat' dir='ltr'><strong>cadem</strong></span> <span class='ocrx_word' id='word_1_268' title='bbox 677 3802 765 3875; x_wconf 80' lang='lat' dir='ltr'><strong>eret3</strong></span> <span class='ocrx_word' id='word_1_269' title='bbox 788 3794 891 3857; x_wconf 87' lang='lat' dir='ltr'><strong>altera</strong></span> <span class='ocrx_word' id='word_1_270' title='bbox 911 3815 1006 3858; x_wconf 87' lang='lat' dir='ltr'><strong>causa</strong></span> <span class='ocrx_word' id='word_1_271' title='bbox 1028 3808 1087 3884; x_wconf 88' lang='lat' dir='ltr'><strong>est,</strong></span> 
     </span>
     <span class='ocr_line' id='line_1_34' title="bbox 12 3889 1087 3978; baseline 0.015 -29"><span class='ocrx_word' id='word_1_272' title='bbox 12 3917 13 3924; x_wconf 23' lang='grc' dir='ltr'>ο</span> <span class='ocrx_word' id='word_1_273' title='bbox 94 3889 175 3973; x_wconf 88' lang='lat' dir='ltr'><strong>quod</strong></span> <span class='ocrx_word' id='word_1_274' title='bbox 210 3892 275 3956; x_wconf 89' lang='lat' dir='ltr'><strong>dno</strong></span> <span class='ocrx_word' id='word_1_275' title='bbox 309 3893 455 3957; x_wconf 88' lang='lat' dir='ltr'><strong>eiusdem</strong></span> <span class='ocrx_word' id='word_1_276' title='bbox 496 3896 631 3960; x_wconf 87' lang='lat' dir='ltr'><strong>nominis</strong></span> <span class='ocrx_word' id='word_1_277' title='bbox 671 3895 771 3959; x_wconf 84' lang='lat' dir='ltr'><strong>fuisse</strong></span> <span class='ocrx_word' id='word_1_278' title='bbox 804 3896 1003 3978; x_wconf 87' lang='lat' dir='ltr'><strong>dicebantur,</strong></span> <span class='ocrx_word' id='word_1_279' title='bbox 1046 3901 1087 3964; x_wconf 83' lang='lat' dir='ltr'><strong>cf.</strong></span> 
     </span>
     <span class='ocr_line' id='line_1_35' title="bbox 92 3991 1092 4082; baseline 0.013 -31"><span class='ocrx_word' id='word_1_280' title='bbox 92 3991 239 4074; x_wconf 66' lang='lat' dir='ltr'><strong>Apollott</strong></span> <span class='ocrx_word' id='word_1_281' title='bbox 269 3994 324 4074; x_wconf 88' lang='lat'><strong>111,</strong></span> <span class='ocrx_word' id='word_1_282' title='bbox 349 4017 396 4074; x_wconf 91' lang='grc' dir='ltr'><strong>ιο,</strong></span> <span class='ocrx_word' id='word_1_283' title='bbox 417 3995 450 4073; x_wconf 81' lang='lat'><strong>5,</strong></span> <span class='ocrx_word' id='word_1_284' title='bbox 472 4015 489 4058; x_wconf 89' lang='lat' dir='ltr'><strong>e</strong></span> <span class='ocrx_word' id='word_1_285' title='bbox 513 3996 602 4058; x_wconf 89' lang='lat' dir='ltr'><strong>cuius</strong></span> <span class='ocrx_word' id='word_1_286' title='bbox 624 3995 737 4058; x_wconf 77' lang='lat' dir='ltr'><strong>verbis</strong></span> <span class='ocrx_word' id='word_1_287' title='bbox 767 3994 801 4057; x_wconf 88' lang='lat' dir='ltr'><strong>id</strong></span> <span class='ocrx_word' id='word_1_288' title='bbox 822 4005 936 4079; x_wconf 88' lang='lat' dir='ltr'><strong>aperte</strong></span> <span class='ocrx_word' id='word_1_289' title='bbox 970 4019 1092 4082; x_wconf 85' lang='lat' dir='ltr'><strong>cogno-</strong></span> 
     </span>
     <span class='ocr_line' id='line_1_36' title="bbox 88 4097 1092 4190; baseline 0.008 -30"><span class='ocrx_word' id='word_1_290' title='bbox 88 4097 204 4184; x_wconf 70' lang='lat' dir='ltr'><strong>scitur,</strong></span> <span class='ocrx_word' id='word_1_291' title='bbox 226 4121 310 4187; x_wconf 88' lang='lat' dir='ltr'><strong>qnae</strong></span> <span class='ocrx_word' id='word_1_292' title='bbox 338 4102 401 4167; x_wconf 84' lang='lat' dir='ltr'><strong>etsi</strong></span> <span class='ocrx_word' id='word_1_293' title='bbox 424 4103 641 4190; x_wconf 80' lang='lat' dir='ltr'><strong>antiquissima</strong></span> <span class='ocrx_word' id='word_1_294' title='bbox 669 4104 810 4167; x_wconf 85' lang='lat' dir='ltr'><strong>narratio</strong></span> <span class='ocrx_word' id='word_1_295' title='bbox 830 4103 961 4168; x_wconf 88' lang='lat' dir='ltr'><strong>minime</strong></span> <span class='ocrx_word' id='word_1_296' title='bbox 988 4105 1092 4170; x_wconf 82' lang='lat' dir='ltr'><strong>fuisse</strong></span> 
     </span>
    </p>
   </div>
   <div class='ocr_carea' id='block_1_5' title="bbox 0 0 1366 4776">
    <p class='ocr_par' dir='ltr' id='par_1_5' title="bbox 0 0 1366 4776">
     <span class='ocr_line' id='line_1_37' title="bbox 0 0 1366 4776; baseline 0 0"><span class='ocrx_word' id='word_1_297' title='bbox 0 0 1366 4776; x_wconf 95' lang='lat' dir='ltr'><strong> </strong></span> 
     </span>
    </p>
   </div>
  </div>
 </body>
</html>
