<?xml version="1.0" encoding="UTF-8"?>
<!DOCTYPE html PUBLIC "-//W3C//DTD XHTML 1.0 Transitional//EN"
    "http://www.w3.org/TR/xhtml1/DTD/xhtml1-transitional.dtd">
<html xmlns="http://www.w3.org/1999/xhtml" xml:lang="en" lang="en">
 <head>
  <title>
</title>
<meta http-equiv="Content-Type" content="text/html;charset=utf-8" />
  <meta name='ocr-system' content='tesseract 3.04.00' />
  <meta name='ocr-capabilities' content='ocr_page ocr_carea ocr_par ocr_line ocrx_word'/>
</head>
<body>
  <div class='ocr_page' id='page_1' title='image "./devarietatefabu00fuchgoog_0161.png"; bbox 0 0 2626 4768; ppageno 0'>
   <div class='ocr_carea' id='block_1_1' title="bbox 684 416 906 480">
    <p class='ocr_par' dir='ltr' id='par_1_1' title="bbox 684 416 906 480">
     <span class='ocr_line' id='line_1_1' title="bbox 684 416 906 480; baseline -0.014 1"><span class='ocrx_word' id='word_1_1' title='bbox 684 416 906 480; x_wconf 84' lang='lat'>-160-</span> 
     </span>
    </p>
   </div>
   <div class='ocr_carea' id='block_1_2' title="bbox 270 572 1277 2122">
    <p class='ocr_par' dir='ltr' id='par_1_2' title="bbox 270 572 1277 2122">
     <span class='ocr_line' id='line_1_2' title="bbox 293 572 1277 673; baseline -0.008 -19"><span class='ocrx_word' id='word_1_2' title='bbox 293 572 411 654; x_wconf 75' lang='lat' dir='ltr'><strong>mei-ito</strong></span> <span class='ocrx_word' id='word_1_3' title='bbox 434 586 573 658; x_wconf 82' lang='lat' dir='ltr'><strong>Cadmea</strong></span> <span class='ocrx_word' id='word_1_4' title='bbox 599 591 662 654; x_wconf 89' lang='lat' dir='ltr'><strong>dici</strong></span> <span class='ocrx_word' id='word_1_5' title='bbox 691 590 794 673; x_wconf 79' lang='lat' dir='ltr'><strong>possit</strong></span> <span class='ocrx_word' id='word_1_6' title='bbox 823 589 978 668; x_wconf 83' lang='lat' dir='ltr'><strong>victoria,</strong></span> <span class='ocrx_word' id='word_1_7' title='bbox 1007 586 1134 652; x_wconf 84' lang='lat' dir='ltr'><strong>Strab.</strong></span> <span class='ocrx_word' id='word_1_8' title='bbox 1182 589 1277 670; x_wconf 83' lang='lat' dir='ltr'><strong>lll,p</strong></span> 
     </span>
     <span class='ocr_line' id='line_1_3' title="bbox 293 693 1260 759; baseline -0.007 -4"><span class='ocrx_word' id='word_1_9' title='bbox 293 695 362 756; x_wconf 75' lang='lat' dir='ltr'><strong>aad.</strong></span> <span class='ocrx_word' id='word_1_10' title='bbox 383 727 424 740; x_wconf 88' lang='lat'><em>-</em></span> <span class='ocrx_word' id='word_1_11' title='bbox 444 695 489 756; x_wconf 89' lang='lat' dir='ltr'><strong>Et</strong></span> <span class='ocrx_word' id='word_1_12' title='bbox 510 694 572 755; x_wconf 91' lang='lat' dir='ltr'><strong>boc</strong></span> <span class='ocrx_word' id='word_1_13' title='bbox 594 701 702 754; x_wconf 86' lang='lat' dir='ltr'><strong>tamen</strong></span> <span class='ocrx_word' id='word_1_14' title='bbox 723 693 847 754; x_wconf 88' lang='lat' dir='ltr'><strong>bellum</strong></span> <span class='ocrx_word' id='word_1_15' title='bbox 867 700 905 750; x_wconf 92' lang='lat' dir='ltr'><strong>ut</strong></span> <span class='ocrx_word' id='word_1_16' title='bbox 927 698 1260 759; x_wconf 80' lang='lat' dir='ltr'><strong>commoveretur,</strong></span> 
     </span>
     <span class='ocr_line' id='line_1_4' title="bbox 292 789 1277 877; baseline -0.004 -23"><span class='ocrx_word' id='word_1_17' title='bbox 292 795 380 877; x_wconf 87' lang='lat' dir='ltr'><strong>piter</strong></span> <span class='ocrx_word' id='word_1_18' title='bbox 402 805 436 856; x_wconf 88' lang='lat' dir='ltr'><strong>et</strong></span> <span class='ocrx_word' id='word_1_19' title='bbox 457 794 586 858; x_wconf 86' lang='lat' dir='ltr'><strong>Themis</strong></span> <span class='ocrx_word' id='word_1_20' title='bbox 609 794 828 856; x_wconf 82' lang='lat' dir='ltr'><strong>consultantes</strong></span> <span class='ocrx_word' id='word_1_21' title='bbox 851 790 1034 852; x_wconf 83' lang='lat' dir='ltr'><strong>decrevisse</strong></span> <span class='ocrx_word' id='word_1_22' title='bbox 1056 789 1277 850; x_wconf 85' lang='lat' dir='ltr'><strong>dicebantu</strong></span> 
     </span>
     <span class='ocr_line' id='line_1_5' title="bbox 294 891 1277 978; baseline -0.007 -22"><span class='ocrx_word' id='word_1_23' title='bbox 294 896 418 978; x_wconf 81' lang='lat' dir='ltr'><strong>Cypriis</strong></span> <span class='ocrx_word' id='word_1_24' title='bbox 451 896 664 973; x_wconf 83' lang='lat' dir='ltr'><strong>carminibus,</strong></span> <span class='ocrx_word' id='word_1_25' title='bbox 693 915 758 978; x_wconf 90' lang='lat' dir='ltr'><strong>quo</strong></span> <span class='ocrx_word' id='word_1_26' title='bbox 792 893 907 954; x_wconf 90' lang='lat' dir='ltr'><strong>nimius</strong></span> <span class='ocrx_word' id='word_1_27' title='bbox 937 891 1106 952; x_wconf 88' lang='lat' dir='ltr'><strong>bominum</strong></span> <span class='ocrx_word' id='word_1_28' title='bbox 1170 912 1277 952; x_wconf 84' lang='lat' dir='ltr'><strong>nume</strong></span> 
     </span>
     <span class='ocr_line' id='line_1_6' title="bbox 293 993 1268 1080; baseline -0.006 -20"><span class='ocrx_word' id='word_1_29' title='bbox 293 993 512 1079; x_wconf 88' lang='lat' dir='ltr'><strong>minueretur,</strong></span> <span class='ocrx_word' id='word_1_30' title='bbox 546 999 656 1064; x_wconf 85' lang='lat' dir='ltr'><strong>Schol.</strong></span> <span class='ocrx_word' id='word_1_31' title='bbox 686 998 875 1072; x_wconf 82' lang='lat' dir='ltr'><strong>ad11.a‚5</strong></span> <span class='ocrx_word' id='word_1_32' title='bbox 906 997 1017 1080; x_wconf 87' lang='lat' dir='ltr'><strong>sicque</strong></span> <span class='ocrx_word' id='word_1_33' title='bbox 1039 1013 1159 1056; x_wconf 83' lang='lat' dir='ltr'><strong>causa</strong></span> <span class='ocrx_word' id='word_1_34' title='bbox 1190 996 1268 1056; x_wconf 88' lang='lat' dir='ltr'><strong>eius</strong></span> 
     </span>
     <span class='ocr_line' id='line_1_7' title="bbox 298 1099 1277 1186; baseline -0.002 -24"><span class='ocrx_word' id='word_1_35' title='bbox 298 1121 362 1186; x_wconf 90' lang='lat' dir='ltr'><strong>que</strong></span> <span class='ocrx_word' id='word_1_36' title='bbox 394 1102 521 1163; x_wconf 90' lang='lat' dir='ltr'><strong>initium</strong></span> <span class='ocrx_word' id='word_1_37' title='bbox 550 1125 615 1164; x_wconf 92' lang='lat' dir='ltr'><strong>non</strong></span> <span class='ocrx_word' id='word_1_38' title='bbox 644 1101 684 1162; x_wconf 83' lang='lat' dir='ltr'><strong>ad</strong></span> <span class='ocrx_word' id='word_1_39' title='bbox 719 1123 814 1162; x_wconf 89' lang='lat' dir='ltr'><strong>unam</strong></span> <span class='ocrx_word' id='word_1_40' title='bbox 845 1109 975 1182; x_wconf 82' lang='lat' dir='ltr'><strong>gentem</strong></span> <span class='ocrx_word' id='word_1_41' title='bbox 1005 1099 1247 1160; x_wconf 89' lang='lat' dir='ltr'><strong>Graecorum</strong></span> <span class='ocrx_word' id='word_1_42' title='bbox 1275 1121 1277 1160; x_wconf 78' lang='lat' dir='ltr'><strong>t</strong></span> 
     </span>
     <span class='ocr_line' id='line_1_8' title="bbox 294 1201 1277 1285; baseline -0.008 -19"><span class='ocrx_word' id='word_1_43' title='bbox 294 1205 335 1266; x_wconf 90' lang='lat' dir='ltr'><strong>ad</strong></span> <span class='ocrx_word' id='word_1_44' title='bbox 356 1225 451 1267; x_wconf 89' lang='lat' dir='ltr'><strong>omne</strong></span> <span class='ocrx_word' id='word_1_45' title='bbox 473 1224 573 1285; x_wconf 88' lang='lat' dir='ltr'><strong>genus</strong></span> <span class='ocrx_word' id='word_1_46' title='bbox 596 1203 770 1264; x_wconf 90' lang='lat' dir='ltr'><strong>humanum</strong></span> <span class='ocrx_word' id='word_1_47' title='bbox 790 1201 1007 1265; x_wconf 78' lang='lat' dir='ltr'><strong>referebatur.</strong></span> <span class='ocrx_word' id='word_1_48' title='bbox 1048 1203 1162 1261; x_wconf 86' lang='lat' dir='ltr'><strong>Haec</strong></span> <span class='ocrx_word' id='word_1_49' title='bbox 1195 1202 1277 1283; x_wconf 66' lang='lat' dir='ltr'><strong>quit</strong></span> 
     </span>
     <span class='ocr_line' id='line_1_9' title="bbox 293 1306 1277 1393; baseline -0.006 -21"><span class='ocrx_word' id='word_1_50' title='bbox 293 1311 374 1393; x_wconf 87' lang='lat' dir='ltr'><strong>gitet</strong></span> <span class='ocrx_word' id='word_1_51' title='bbox 395 1309 502 1372; x_wconf 89' lang='lat' dir='ltr'><strong>induci</strong></span> <span class='ocrx_word' id='word_1_52' title='bbox 522 1308 661 1372; x_wconf 85' lang='lat' dir='ltr'><strong>fortasse</strong></span> <span class='ocrx_word' id='word_1_53' title='bbox 684 1309 827 1392; x_wconf 89' lang='lat' dir='ltr'><strong>poterit,</strong></span> <span class='ocrx_word' id='word_1_54' title='bbox 857 1319 894 1370; x_wconf 86' lang='lat' dir='ltr'><strong>ut</strong></span> <span class='ocrx_word' id='word_1_55' title='bbox 922 1327 1017 1384; x_wconf 81' lang='lat' dir='ltr'><strong>omne</strong></span> <span class='ocrx_word' id='word_1_56' title='bbox 1039 1306 1191 1368; x_wconf 88' lang='lat' dir='ltr'><strong>bellum</strong></span> <span class='ocrx_word' id='word_1_57' title='bbox 1221 1313 1277 1368; x_wconf 79' lang='lat' dir='ltr'><strong>Tra</strong></span> 
     </span>
     <span class='ocr_line' id='line_1_10' title="bbox 283 1413 1277 1496; baseline -0.004 -22"><span class='ocrx_word' id='word_1_58' title='bbox 283 1434 371 1474; x_wconf 77' lang='lat' dir='ltr'><strong>mum</strong></span> <span class='ocrx_word' id='word_1_59' title='bbox 407 1413 632 1496; x_wconf 80' lang='lat' dir='ltr'><strong>migrationem</strong></span> <span class='ocrx_word' id='word_1_60' title='bbox 664 1414 752 1476; x_wconf 89' lang='lat' dir='ltr'><strong>illam</strong></span> <span class='ocrx_word' id='word_1_61' title='bbox 788 1414 1003 1490; x_wconf 88' lang='lat' dir='ltr'><strong>Graecorum,</strong></span> <span class='ocrx_word' id='word_1_62' title='bbox 1038 1431 1101 1493; x_wconf 89' lang='lat' dir='ltr'><strong>qua</strong></span> <span class='ocrx_word' id='word_1_63' title='bbox 1129 1413 1277 1472; x_wconf 78' lang='lat' dir='ltr'><strong>Asiaet</strong></span> 
     </span>
     <span class='ocr_line' id='line_1_11' title="bbox 270 1515 1277 1598; baseline -0.002 -22"><span class='ocrx_word' id='word_1_64' title='bbox 270 1540 273 1546; x_wconf 91' lang='lat'>·</span> <span class='ocrx_word' id='word_1_65' title='bbox 291 1515 381 1578; x_wconf 89' lang='lat' dir='ltr'><strong>noris</strong></span> <span class='ocrx_word' id='word_1_66' title='bbox 400 1516 607 1578; x_wconf 85' lang='lat' dir='ltr'><strong>laetissimam</strong></span> <span class='ocrx_word' id='word_1_67' title='bbox 626 1529 753 1598; x_wconf 82' lang='lat' dir='ltr'><strong>partem</strong></span> <span class='ocrx_word' id='word_1_68' title='bbox 775 1523 1037 1598; x_wconf 83' lang='lat' dir='ltr'><strong>occupaverunt,</strong></span> <span class='ocrx_word' id='word_1_69' title='bbox 1058 1515 1235 1578; x_wconf 84' lang='lat' dir='ltr'><strong>indicare</strong></span> <span class='ocrx_word' id='word_1_70' title='bbox 1257 1533 1277 1574; x_wconf 84' lang='lat' dir='ltr'><strong>ct</strong></span> 
     </span>
     <span class='ocr_line' id='line_1_12' title="bbox 294 1611 1277 1701; baseline 0 -25"><span class='ocrx_word' id='word_1_71' title='bbox 294 1616 366 1697; x_wconf 86' lang='lat' dir='ltr'><strong>dat,</strong></span> <span class='ocrx_word' id='word_1_72' title='bbox 400 1637 503 1701; x_wconf 88' lang='lat' dir='ltr'><strong>eaque</strong></span> <span class='ocrx_word' id='word_1_73' title='bbox 538 1617 647 1699; x_wconf 89' lang='lat' dir='ltr'><strong>opinio</strong></span> <span class='ocrx_word' id='word_1_74' title='bbox 667 1617 776 1678; x_wconf 90' lang='lat' dir='ltr'><strong>multis</strong></span> <span class='ocrx_word' id='word_1_75' title='bbox 810 1616 887 1678; x_wconf 87' lang='lat' dir='ltr'><strong>aliis.</strong></span> <span class='ocrx_word' id='word_1_76' title='bbox 909 1614 1033 1676; x_wconf 88' lang='lat' dir='ltr'><strong>indiciis</strong></span> <span class='ocrx_word' id='word_1_77' title='bbox 1061 1613 1216 1678; x_wconf 84' lang='lat' dir='ltr'><strong>firmari</strong></span> <span class='ocrx_word' id='word_1_78' title='bbox 1238 1611 1277 1678; x_wconf 70' lang='lat' dir='ltr'><strong>vit</strong></span> 
     </span>
     <span class='ocr_line' id='line_1_13' title="bbox 291 1711 1277 1798; baseline 0.002 -21"><span class='ocrx_word' id='word_1_79' title='bbox 291 1727 357 1779; x_wconf 87' lang='lat' dir='ltr'><strong>tur.</strong></span> <span class='ocrx_word' id='word_1_80' title='bbox 369 1750 409 1762; x_wconf 91' lang='lat'><em>-</em></span> <span class='ocrx_word' id='word_1_81' title='bbox 429 1716 494 1778; x_wconf 86' lang='lat' dir='ltr'><strong>Sed</strong></span> <span class='ocrx_word' id='word_1_82' title='bbox 515 1739 580 1778; x_wconf 91' lang='lat' dir='ltr'><strong>non</strong></span> <span class='ocrx_word' id='word_1_83' title='bbox 601 1726 673 1778; x_wconf 91' lang='lat' dir='ltr'><strong>erat</strong></span> <span class='ocrx_word' id='word_1_84' title='bbox 692 1711 777 1778; x_wconf 83' lang='lat' dir='ltr'><strong>nunc</strong></span> <span class='ocrx_word' id='word_1_85' title='bbox 797 1717 888 1779; x_wconf 85' lang='lat' dir='ltr'><strong>locus</strong></span> <span class='ocrx_word' id='word_1_86' title='bbox 912 1714 1066 1780; x_wconf 85' lang='lat' dir='ltr'><strong>eiusmodi</strong></span> <span class='ocrx_word' id='word_1_87' title='bbox 1089 1716 1277 1798; x_wconf 72' lang='lat' dir='ltr'><strong>opinionis</strong></span> 
     </span>
     <span class='ocr_line' id='line_1_14' title="bbox 292 1815 1277 1904; baseline 0.002 -24"><span class='ocrx_word' id='word_1_88' title='bbox 292 1819 514 1902; x_wconf 89' lang='lat' dir='ltr'><strong>proferendis,</strong></span> <span class='ocrx_word' id='word_1_89' title='bbox 553 1821 668 1904; x_wconf 89' lang='lat' dir='ltr'><strong>quibus</strong></span> <span class='ocrx_word' id='word_1_90' title='bbox 702 1821 796 1883; x_wconf 90' lang='lat' dir='ltr'><strong>nimis</strong></span> <span class='ocrx_word' id='word_1_91' title='bbox 823 1819 919 1882; x_wconf 88' lang='lat' dir='ltr'><strong>facile</strong></span> <span class='ocrx_word' id='word_1_92' title='bbox 948 1817 1137 1880; x_wconf 89' lang='lat' dir='ltr'><strong>oblectatur</strong></span> <span class='ocrx_word' id='word_1_93' title='bbox 1178 1835 1222 1882; x_wconf 88' lang='lat' dir='ltr'><strong>et</strong></span> <span class='ocrx_word' id='word_1_94' title='bbox 1276 1815 1277 1824; x_wconf 41' lang='lat'>¹</span> 
     </span>
     <span class='ocr_line' id='line_1_15' title="bbox 293 1915 1260 2007; baseline -0.003 -24"><span class='ocrx_word' id='word_1_95' title='bbox 293 1921 459 2003; x_wconf 83' lang='lat' dir='ltr'><strong>rumpitur</strong></span> <span class='ocrx_word' id='word_1_96' title='bbox 481 1922 602 1983; x_wconf 89' lang='lat' dir='ltr'><strong>animus</strong></span> <span class='ocrx_word' id='word_1_97' title='bbox 624 1922 863 2007; x_wconf 82' lang='lat' dir='ltr'><strong>perquirendae</strong></span> <span class='ocrx_word' id='word_1_98' title='bbox 884 1915 1029 1986; x_wconf 82' lang='lat' dir='ltr'><strong>veritatis</strong></span> <span class='ocrx_word' id='word_1_99' title='bbox 1050 1919 1238 1984; x_wconf 88' lang='lat' dir='ltr'><strong>studiosus</strong></span> <span class='ocrx_word' id='word_1_100' title='bbox 1249 1945 1260 2002; x_wconf 82' lang='lat'>3</span> 
     </span>
     <span class='ocr_line' id='line_1_16' title="bbox 291 2025 1201 2122; baseline 0.007 -36"><span class='ocrx_word' id='word_1_101' title='bbox 291 2044 364 2087; x_wconf 90' lang='lat' dir='ltr'><strong>rem</strong></span> <span class='ocrx_word' id='word_1_102' title='bbox 385 2025 495 2122; x_wconf 77' lang='lat' dir='ltr'><strong>itaqpe</strong></span> <span class='ocrx_word' id='word_1_103' title='bbox 516 2026 617 2109; x_wconf 90' lang='lat' dir='ltr'><strong>ipsam</strong></span> <span class='ocrx_word' id='word_1_104' title='bbox 635 2041 850 2090; x_wconf 80' lang='lat' dir='ltr'><strong>revertamur.</strong></span> <span class='ocrx_word' id='word_1_105' title='bbox 1197 2030 1201 2036; x_wconf 85' lang='grc'><strong>’</strong></span> 
     </span>
    </p>
   </div>
   <div class='ocr_carea' id='block_1_3' title="bbox 242 2134 1277 4173">
    <p class='ocr_par' dir='ltr' id='par_1_3' title="bbox 242 2134 1277 4173">
     <span class='ocr_line' id='line_1_17' title="bbox 371 2134 1277 2220; baseline -0.001 -26"><span class='ocrx_word' id='word_1_106' title='bbox 371 2134 512 2198; x_wconf 91' lang='lat' dir='ltr'><strong>Dissidio</strong></span> <span class='ocrx_word' id='word_1_107' title='bbox 534 2135 689 2198; x_wconf 87' lang='lat' dir='ltr'><strong>intereos</strong></span> <span class='ocrx_word' id='word_1_108' title='bbox 711 2145 825 2198; x_wconf 86' lang='lat' dir='ltr'><strong>exorto</strong></span> <span class='ocrx_word' id='word_1_109' title='bbox 847 2155 955 2220; x_wconf 87' lang='lat' dir='ltr'><strong>neque</strong></span> <span class='ocrx_word' id='word_1_110' title='bbox 974 2158 1041 2198; x_wconf 89' lang='lat' dir='ltr'><strong>uno</strong></span> <span class='ocrx_word' id='word_1_111' title='bbox 1062 2146 1227 2219; x_wconf 87' lang='lat' dir='ltr'><strong>tempore</strong></span> <span class='ocrx_word' id='word_1_112' title='bbox 1251 2149 1277 2194; x_wconf 85' lang='lat' dir='ltr'><strong>nt</strong></span> 
     </span>
     <span class='ocr_line' id='line_1_18' title="bbox 292 2221 1277 2321; baseline -0.006 -23"><span class='ocrx_word' id='word_1_113' title='bbox 292 2259 356 2321; x_wconf 89' lang='lat' dir='ltr'><strong>que</strong></span> <span class='ocrx_word' id='word_1_114' title='bbox 379 2259 443 2299; x_wconf 89' lang='lat' dir='ltr'><strong>una</strong></span> <span class='ocrx_word' id='word_1_115' title='bbox 468 2238 592 2300; x_wconf 90' lang='lat' dir='ltr'><strong>itineris</strong></span> <span class='ocrx_word' id='word_1_116' title='bbox 618 2239 745 2301; x_wconf 81' lang='lat' dir='ltr'><strong>ratione</strong></span> <span class='ocrx_word' id='word_1_117' title='bbox 768 2221 909 2301; x_wconf 83' lang='lat' dir='ltr'><strong>Graecos</strong></span> <span class='ocrx_word' id='word_1_118' title='bbox 940 2260 957 2300; x_wconf 91' lang='lat' dir='ltr'><strong>e</strong></span> <span class='ocrx_word' id='word_1_119' title='bbox 981 2236 1277 2303; x_wconf 81' lang='lat' dir='ltr'><strong>Troiaabscessiss</strong></span> 
     </span>
     <span class='ocr_line' id='line_1_19' title="bbox 292 2329 1277 2422; baseline -0.004 -24"><span class='ocrx_word' id='word_1_120' title='bbox 292 2358 389 2419; x_wconf 83' lang='lat' dir='ltr'><strong>supra</strong></span> <span class='ocrx_word' id='word_1_121' title='bbox 418 2339 716 2401; x_wconf 85' lang='lat' dir='ltr'><strong>commemorabam.</strong></span> <span class='ocrx_word' id='word_1_122' title='bbox 758 2340 798 2400; x_wconf 89' lang='lat' dir='ltr'><strong>lis</strong></span> <span class='ocrx_word' id='word_1_123' title='bbox 821 2352 944 2416; x_wconf 84' lang='lat' dir='ltr'><strong>autem,</strong></span> <span class='ocrx_word' id='word_1_124' title='bbox 971 2339 1027 2422; x_wconf 92' lang='lat' dir='ltr'><strong>qui</strong></span> <span class='ocrx_word' id='word_1_125' title='bbox 1054 2339 1214 2399; x_wconf 75' lang='lat' dir='ltr'><strong>maritimo</strong></span> <span class='ocrx_word' id='word_1_126' title='bbox 1240 2329 1277 2390; x_wconf 85' lang='lat' dir='ltr'><strong>iti</strong></span> 
     </span>
     <span class='ocr_line' id='line_1_20' title="bbox 291 2436 1277 2523; baseline -0.003 -22"><span class='ocrx_word' id='word_1_127' title='bbox 291 2459 371 2502; x_wconf 88' lang='lat' dir='ltr'><strong>nere</strong></span> <span class='ocrx_word' id='word_1_128' title='bbox 393 2459 468 2502; x_wconf 90' lang='lat' dir='ltr'><strong>cum</strong></span> <span class='ocrx_word' id='word_1_129' title='bbox 480 2444 720 2523; x_wconf 85' lang='lat' dir='ltr'><strong>Agamemnone</strong></span> <span class='ocrx_word' id='word_1_130' title='bbox 742 2441 873 2503; x_wconf 90' lang='lat' dir='ltr'><strong>domum</strong></span> <span class='ocrx_word' id='word_1_131' title='bbox 882 2441 1043 2522; x_wconf 85' lang='lat' dir='ltr'><strong>redibant,</strong></span> <span class='ocrx_word' id='word_1_132' title='bbox 1065 2436 1277 2504; x_wconf 80' lang='lat' dir='ltr'><strong>circaEuboe</strong></span> 
     </span>
     <span class='ocr_line' id='line_1_21' title="bbox 291 2544 1277 2628; baseline 0 -24"><span class='ocrx_word' id='word_1_133' title='bbox 291 2563 342 2604; x_wconf 89' lang='lat' dir='ltr'><strong>am</strong></span> <span class='ocrx_word' id='word_1_134' title='bbox 375 2544 595 2626; x_wconf 87' lang='lat' dir='ltr'><strong>navigantibus</strong></span> <span class='ocrx_word' id='word_1_135' title='bbox 632 2546 744 2627; x_wconf 88' lang='lat' dir='ltr'><strong>ingens</strong></span> <span class='ocrx_word' id='word_1_136' title='bbox 784 2546 976 2628; x_wconf 79' lang='lat' dir='ltr'><strong>supervenit</strong></span> <span class='ocrx_word' id='word_1_137' title='bbox 1001 2555 1199 2627; x_wconf 84' lang='lat' dir='ltr'><strong>tempestas,</strong></span> <span class='ocrx_word' id='word_1_138' title='bbox 1232 2557 1277 2622; x_wconf 77' lang='lat' dir='ltr'><strong>qut</strong></span> 
     </span>
     <span class='ocr_line' id='line_1_22' title="bbox 291 2645 1277 2729; baseline -0.007 -23"><span class='ocrx_word' id='word_1_139' title='bbox 291 2665 406 2727; x_wconf 87' lang='lat' dir='ltr'><strong>magna</strong></span> <span class='ocrx_word' id='word_1_140' title='bbox 427 2667 501 2728; x_wconf 90' lang='lat' dir='ltr'><strong>pars</strong></span> <span class='ocrx_word' id='word_1_141' title='bbox 524 2647 654 2709; x_wconf 86' lang='lat' dir='ltr'><strong>navium</strong></span> <span class='ocrx_word' id='word_1_142' title='bbox 674 2647 714 2706; x_wconf 93' lang='lat' dir='ltr'><strong>ad</strong></span> <span class='ocrx_word' id='word_1_143' title='bbox 734 2648 886 2729; x_wconf 87' lang='lat' dir='ltr'><strong>scopulos</strong></span> <span class='ocrx_word' id='word_1_144' title='bbox 908 2647 1000 2707; x_wconf 87' lang='lat' dir='ltr'><strong>allisa</strong></span> <span class='ocrx_word' id='word_1_145' title='bbox 1032 2655 1098 2725; x_wconf 86' lang='lat' dir='ltr'><strong>est,</strong></span> <span class='ocrx_word' id='word_1_146' title='bbox 1132 2645 1277 2725; x_wconf 82' lang='lat' dir='ltr'><strong>multiqn</strong></span> 
     </span>
     <span class='ocr_line' id='line_1_23' title="bbox 289 2745 1277 2828; baseline -0.005 -22"><span class='ocrx_word' id='word_1_147' title='bbox 289 2745 509 2828; x_wconf 85' lang='lat' dir='ltr'><strong>navigantium</strong></span> <span class='ocrx_word' id='word_1_148' title='bbox 532 2749 732 2809; x_wconf 88' lang='lat' dir='ltr'><strong>Graecorum</strong></span> <span class='ocrx_word' id='word_1_149' title='bbox 752 2749 785 2809; x_wconf 91' lang='lat' dir='ltr'><strong>in</strong></span> <span class='ocrx_word' id='word_1_150' title='bbox 805 2749 909 2812; x_wconf 77' lang='lat' dir='ltr'><strong>varias</strong></span> <span class='ocrx_word' id='word_1_151' title='bbox 930 2761 1034 2810; x_wconf 88' lang='lat' dir='ltr'><strong>terras</strong></span> <span class='ocrx_word' id='word_1_152' title='bbox 1058 2745 1190 2808; x_wconf 89' lang='lat' dir='ltr'><strong>disiecti</strong></span> <span class='ocrx_word' id='word_1_153' title='bbox 1210 2749 1277 2812; x_wconf 79' lang='lat' dir='ltr'><strong>sunt</strong></span> 
     </span>
     <span class='ocr_line' id='line_1_24' title="bbox 290 2845 1277 2936; baseline -0.006 -24"><span class='ocrx_word' id='word_1_154' title='bbox 290 2853 329 2912; x_wconf 92' lang='lat' dir='ltr'><strong>ln</strong></span> <span class='ocrx_word' id='word_1_155' title='bbox 348 2852 385 2912; x_wconf 91' lang='lat' dir='ltr'><strong>iis</strong></span> <span class='ocrx_word' id='word_1_156' title='bbox 408 2853 464 2934; x_wconf 88' lang='lat' dir='ltr'><strong>qni</strong></span> <span class='ocrx_word' id='word_1_157' title='bbox 492 2852 526 2913; x_wconf 90' lang='lat' dir='ltr'><strong>in</strong></span> <span class='ocrx_word' id='word_1_158' title='bbox 547 2871 585 2914; x_wconf 88' lang='lat' dir='ltr'><strong>ea</strong></span> <span class='ocrx_word' id='word_1_159' title='bbox 605 2865 799 2936; x_wconf 80' lang='lat' dir='ltr'><strong>tempestate</strong></span> <span class='ocrx_word' id='word_1_160' title='bbox 814 2853 1042 2931; x_wconf 75' lang='lat' dir='ltr'><strong>¹occidissent,</strong></span> <span class='ocrx_word' id='word_1_161' title='bbox 1069 2871 1151 2934; x_wconf 90' lang='lat' dir='ltr'><strong>prae</strong></span> <span class='ocrx_word' id='word_1_162' title='bbox 1175 2845 1277 2911; x_wconf 86' lang='lat' dir='ltr'><strong>ceteri</strong></span> 
     </span>
     <span class='ocr_line' id='line_1_25' title="bbox 290 2947 1277 3018; baseline -0.004 -4"><span class='ocrx_word' id='word_1_163' title='bbox 290 2953 373 3014; x_wconf 84' lang='lat' dir='ltr'><strong>Aiax</strong></span> <span class='ocrx_word' id='word_1_164' title='bbox 393 2955 518 3014; x_wconf 89' lang='lat' dir='ltr'><strong>Locrus</strong></span> <span class='ocrx_word' id='word_1_165' title='bbox 540 2966 748 3018; x_wconf 87' lang='lat' dir='ltr'><strong>memoratur.</strong></span> <span class='ocrx_word' id='word_1_166' title='bbox 788 2955 934 3016; x_wconf 87' lang='lat' dir='ltr'><strong>Minerva</strong></span> <span class='ocrx_word' id='word_1_167' title='bbox 955 2953 1145 3015; x_wconf 86' lang='lat' dir='ltr'><strong>enimirata</strong></span> <span class='ocrx_word' id='word_1_168' title='bbox 1170 2953 1215 3015; x_wconf 92' lang='lat' dir='ltr'><strong>ob</strong></span> <span class='ocrx_word' id='word_1_169' title='bbox 1240 2947 1277 3010; x_wconf 54' lang='lat' dir='ltr'><strong>ti*</strong></span> 
     </span>
     <span class='ocr_line' id='line_1_26' title="bbox 289 3053 1277 3140; baseline -0.01 -23"><span class='ocrx_word' id='word_1_170' title='bbox 289 3055 334 3117; x_wconf 91' lang='lat' dir='ltr'><strong>cis</strong></span> <span class='ocrx_word' id='word_1_171' title='bbox 356 3055 389 3117; x_wconf 93' lang='lat' dir='ltr'><strong>in</strong></span> <span class='ocrx_word' id='word_1_172' title='bbox 409 3055 533 3137; x_wconf 89' lang='lat' dir='ltr'><strong>templo</strong></span> <span class='ocrx_word' id='word_1_173' title='bbox 555 3075 614 3117; x_wconf 89' lang='lat' dir='ltr'><strong>suo</strong></span> <span class='ocrx_word' id='word_1_174' title='bbox 630 3056 833 3116; x_wconf 88' lang='lat' dir='ltr'><strong>commissum</strong></span> <span class='ocrx_word' id='word_1_175' title='bbox 851 3055 957 3117; x_wconf 88' lang='lat' dir='ltr'><strong>scelus</strong></span> <span class='ocrx_word' id='word_1_176' title='bbox 972 3066 1138 3140; x_wconf 84' lang='lat' dir='ltr'><strong>stupratae</strong></span> <span class='ocrx_word' id='word_1_177' title='bbox 1160 3053 1277 3112; x_wconf 81' lang='lat' dir='ltr'><strong>Cassan</strong></span> 
     </span>
     <span class='ocr_line' id='line_1_27' title="bbox 289 3156 1275 3240; baseline -0.005 -21"><span class='ocrx_word' id='word_1_178' title='bbox 289 3157 367 3219; x_wconf 84' lang='lat' dir='ltr'><strong>drae</strong></span> <span class='ocrx_word' id='word_1_179' title='bbox 395 3156 456 3217; x_wconf 89' lang='lat' dir='ltr'><strong>bac</strong></span> <span class='ocrx_word' id='word_1_180' title='bbox 488 3158 669 3220; x_wconf 86' lang='lat' dir='ltr'><strong>calamitate</strong></span> <span class='ocrx_word' id='word_1_181' title='bbox 703 3158 850 3222; x_wconf 88' lang='lat' dir='ltr'><strong>crudeles</strong></span> <span class='ocrx_word' id='word_1_182' title='bbox 881 3159 1053 3222; x_wconf 84' lang='lat' dir='ltr'><strong>aGraecis</strong></span> <span class='ocrx_word' id='word_1_183' title='bbox 1082 3169 1209 3240; x_wconf 86' lang='lat' dir='ltr'><strong>poenas</strong></span> <span class='ocrx_word' id='word_1_184' title='bbox 1238 3173 1275 3214; x_wconf 79' lang='lat' dir='ltr'><strong>ex·</strong></span> 
     </span>
     <span class='ocr_line' id='line_1_28' title="bbox 289 3249 1272 3344; baseline -0.002 -27"><span class='ocrx_word' id='word_1_185' title='bbox 289 3259 471 3340; x_wconf 87' lang='lat' dir='ltr'><strong>postulasse</strong></span> <span class='ocrx_word' id='word_1_186' title='bbox 499 3267 667 3338; x_wconf 83' lang='lat' dir='ltr'><strong>narratur,</strong></span> <span class='ocrx_word' id='word_1_187' title='bbox 697 3257 760 3344; x_wconf 80' lang='lat' dir='ltr'><strong>Od.</strong></span> <span class='ocrx_word' id='word_1_188' title='bbox 791 3259 818 3332; x_wconf 82' lang='lat' dir='ltr'><strong>d,</strong></span> <span class='ocrx_word' id='word_1_189' title='bbox 845 3262 905 3343; x_wconf 75' lang='lat'><strong>499</strong></span> <span class='ocrx_word' id='word_1_190' title='bbox 935 3280 1006 3342; x_wconf 86' lang='lat' dir='ltr'><strong>sqq.</strong></span> <span class='ocrx_word' id='word_1_191' title='bbox 1033 3261 1125 3338; x_wconf 85' lang='lat' dir='ltr'><strong>Virg.</strong></span> <span class='ocrx_word' id='word_1_192' title='bbox 1152 3257 1237 3317; x_wconf 80' lang='lat' dir='ltr'><strong>Aen.</strong></span> <span class='ocrx_word' id='word_1_193' title='bbox 1257 3249 1272 3322; x_wconf 77' lang='lat' dir='ltr'><strong>l,</strong></span> 
     </span>
     <span class='ocr_line' id='line_1_29' title="bbox 242 3351 1272 3442; baseline -0.013 -20"><span class='ocrx_word' id='word_1_194' title='bbox 242 3365 243 3373; x_wconf 77' lang='grc'>’</span> <span class='ocrx_word' id='word_1_195' title='bbox 289 3360 340 3441; x_wconf 82' lang='lat'><strong>39,</strong></span> <span class='ocrx_word' id='word_1_196' title='bbox 359 3358 469 3440; x_wconf 86' lang='lat' dir='ltr'><strong>ibique</strong></span> <span class='ocrx_word' id='word_1_197' title='bbox 491 3358 639 3436; x_wconf 87' lang='lat' dir='ltr'><strong>Servius,</strong></span> <span class='ocrx_word' id='word_1_198' title='bbox 662 3351 717 3440; x_wconf 90' lang='lat' dir='ltr'><strong>qui</strong></span> <span class='ocrx_word' id='word_1_199' title='bbox 738 3357 846 3436; x_wconf 80' lang='lat' dir='ltr'><strong>adlil,</strong></span> <span class='ocrx_word' id='word_1_200' title='bbox 869 3357 927 3442; x_wconf 82' lang='lat'><strong>259</strong></span> <span class='ocrx_word' id='word_1_201' title='bbox 956 3358 1050 3418; x_wconf 84' lang='lat' dir='ltr'><strong>aliam</strong></span> <span class='ocrx_word' id='word_1_202' title='bbox 1071 3376 1202 3418; x_wconf 88' lang='lat' dir='ltr'><strong>causam</strong></span> <span class='ocrx_word' id='word_1_203' title='bbox 1222 3354 1272 3413; x_wconf 84' lang='lat' dir='ltr'><strong>irat</strong></span> 
     </span>
     <span class='ocr_line' id='line_1_30' title="bbox 287 3460 1272 3545; baseline -0.007 -23"><span class='ocrx_word' id='word_1_204' title='bbox 287 3460 453 3524; x_wconf 80' lang='lat' dir='ltr'><strong>Minervae</strong></span> <span class='ocrx_word' id='word_1_205' title='bbox 474 3460 574 3523; x_wconf 84' lang='lat' dir='ltr'><strong>affert</strong></span> <span class='ocrx_word' id='word_1_206' title='bbox 594 3482 681 3541; x_wconf 91' lang='lat' dir='ltr'><strong>eam,</strong></span> <span class='ocrx_word' id='word_1_207' title='bbox 703 3461 793 3545; x_wconf 91' lang='lat' dir='ltr'><strong>quod</strong></span> <span class='ocrx_word' id='word_1_208' title='bbox 815 3462 932 3523; x_wconf 88' lang='lat' dir='ltr'><strong>Graeci</strong></span> <span class='ocrx_word' id='word_1_209' title='bbox 953 3462 1096 3525; x_wconf 86' lang='lat' dir='ltr'><strong>victores</strong></span> <span class='ocrx_word' id='word_1_210' title='bbox 1116 3462 1181 3544; x_wconf 92' lang='lat' dir='ltr'><strong>ipsi</strong></span> <span class='ocrx_word' id='word_1_211' title='bbox 1200 3474 1272 3520; x_wconf 75' lang='lat' dir='ltr'><strong>sacra</strong></span> 
     </span>
     <span class='ocr_line' id='line_1_31' title="bbox 288 3566 1272 3650; baseline -0.002 -20"><span class='ocrx_word' id='word_1_212' title='bbox 288 3568 398 3630; x_wconf 85' lang='lat' dir='ltr'><strong>facere</strong></span> <span class='ocrx_word' id='word_1_213' title='bbox 419 3566 561 3650; x_wconf 90' lang='lat' dir='ltr'><strong>superbe</strong></span> <span class='ocrx_word' id='word_1_214' title='bbox 581 3569 809 3650; x_wconf 85' lang='lat' dir='ltr'><strong>neglexissent.</strong></span> <span class='ocrx_word' id='word_1_215' title='bbox 838 3571 916 3631; x_wconf 85' lang='lat' dir='ltr'><strong>Aiax</strong></span> <span class='ocrx_word' id='word_1_216' title='bbox 936 3581 1046 3632; x_wconf 87' lang='lat' dir='ltr'><strong>autem</strong></span> <span class='ocrx_word' id='word_1_217' title='bbox 1063 3568 1199 3630; x_wconf 85' lang='lat' dir='ltr'><strong>navibus</strong></span> <span class='ocrx_word' id='word_1_218' title='bbox 1221 3566 1272 3628; x_wconf 81' lang='lat' dir='ltr'><strong>fra·</strong></span> 
     </span>
     <span class='ocr_line' id='line_1_32' title="bbox 288 3670 1269 3754; baseline -0.006 -21"><span class='ocrx_word' id='word_1_219' title='bbox 288 3672 347 3734; x_wconf 89' lang='lat' dir='ltr'><strong>ctis</strong></span> <span class='ocrx_word' id='word_1_220' title='bbox 371 3693 443 3732; x_wconf 92' lang='lat' dir='ltr'><strong>cum</strong></span> <span class='ocrx_word' id='word_1_221' title='bbox 464 3671 497 3731; x_wconf 91' lang='lat' dir='ltr'><strong>in</strong></span> <span class='ocrx_word' id='word_1_222' title='bbox 517 3672 685 3752; x_wconf 89' lang='lat' dir='ltr'><strong>scopulum</strong></span> <span class='ocrx_word' id='word_1_223' title='bbox 708 3672 871 3751; x_wconf 81' lang='lat' dir='ltr'><strong>evasisset,</strong></span> <span class='ocrx_word' id='word_1_224' title='bbox 893 3673 1093 3754; x_wconf 82' lang='lat' dir='ltr'><strong>gloriabatur</strong></span> <span class='ocrx_word' id='word_1_225' title='bbox 1108 3693 1142 3734; x_wconf 87' lang='lat' dir='ltr'><strong>se</strong></span> <span class='ocrx_word' id='word_1_226' title='bbox 1165 3673 1218 3737; x_wconf 83' lang='lat' dir='ltr'><strong>vel</strong></span> <span class='ocrx_word' id='word_1_227' title='bbox 1234 3670 1269 3727; x_wconf 91' lang='lat' dir='ltr'><strong>in·</strong></span> 
     </span>
     <span class='ocr_line' id='line_1_33' title="bbox 286 3772 1267 3858; baseline -0.004 -22"><span class='ocrx_word' id='word_1_228' title='bbox 286 3774 360 3836; x_wconf 76' lang='lat' dir='ltr'><strong>vitis</strong></span> <span class='ocrx_word' id='word_1_229' title='bbox 384 3772 443 3833; x_wconf 90' lang='lat' dir='ltr'><strong>diis</strong></span> <span class='ocrx_word' id='word_1_230' title='bbox 474 3779 638 3833; x_wconf 85' lang='lat' dir='ltr'><strong>servatum</strong></span> <span class='ocrx_word' id='word_1_231' title='bbox 666 3772 724 3851; x_wconf 89' lang='lat' dir='ltr'><strong>iri,</strong></span> <span class='ocrx_word' id='word_1_232' title='bbox 760 3772 802 3835; x_wconf 90' lang='lat' dir='ltr'><strong>ob</strong></span> <span class='ocrx_word' id='word_1_233' title='bbox 829 3784 924 3856; x_wconf 80' lang='lat' dir='ltr'><strong>&#39;quam</strong></span> <span class='ocrx_word' id='word_1_234' title='bbox 950 3775 1142 3858; x_wconf 81' lang='lat' dir='ltr'><strong>‚sacrilegam</strong></span> <span class='ocrx_word' id='word_1_235' title='bbox 1170 3788 1267 3839; x_wconf 84' lang='lat' dir='ltr'><strong>vocem</strong></span> 
     </span>
     <span class='ocr_line' id='line_1_34' title="bbox 285 3874 1265 3959; baseline 0.004 -23"><span class='ocrx_word' id='word_1_236' title='bbox 285 3877 458 3959; x_wconf 86' lang='lat' dir='ltr'><strong>Neptunus</strong></span> <span class='ocrx_word' id='word_1_237' title='bbox 481 3874 624 3945; x_wconf 86' lang='lat' dir='ltr'><strong>tridente</strong></span> <span class='ocrx_word' id='word_1_238' title='bbox 645 3877 816 3958; x_wconf 89' lang='lat' dir='ltr'><strong>scopulum</strong></span> <span class='ocrx_word' id='word_1_239' title='bbox 830 3880 950 3944; x_wconf 79' lang='lat' dir='ltr'><strong>evertit</strong></span> <span class='ocrx_word' id='word_1_240' title='bbox 972 3891 1006 3943; x_wconf 91' lang='lat' dir='ltr'><strong>et</strong></span> <span class='ocrx_word' id='word_1_241' title='bbox 1025 3881 1170 3944; x_wconf 84' lang='lat' dir='ltr'><strong>ferocem</strong></span> <span class='ocrx_word' id='word_1_242' title='bbox 1188 3881 1265 3941; x_wconf 75' lang='lat' dir='ltr'><strong>hero</strong></span> 
     </span>
     <span class='ocr_line' id='line_1_35' title="bbox 286 3977 1262 4070; baseline 0 -29"><span class='ocrx_word' id='word_1_243' title='bbox 286 3998 337 4041; x_wconf 87' lang='lat' dir='ltr'><strong>em</strong></span> <span class='ocrx_word' id='word_1_244' title='bbox 368 3979 460 4042; x_wconf 91' lang='lat' dir='ltr'><strong>undis</strong></span> <span class='ocrx_word' id='word_1_245' title='bbox 491 3977 618 4057; x_wconf 87' lang='lat' dir='ltr'><strong>obruit,</strong></span> <span class='ocrx_word' id='word_1_246' title='bbox 640 3978 682 4039; x_wconf 87' lang='lat' dir='ltr'><strong>cf.</strong></span> <span class='ocrx_word' id='word_1_247' title='bbox 703 3981 797 4042; x_wconf 86' lang='lat' dir='ltr'><strong>Hom.</strong></span> <span class='ocrx_word' id='word_1_248' title='bbox 821 3983 844 4048; x_wconf 87' lang='lat'><strong>1.</strong></span> <span class='ocrx_word' id='word_1_249' title='bbox 864 3983 907 4064; x_wconf 79' lang='lat' dir='ltr'><strong>l.;</strong></span> <span class='ocrx_word' id='word_1_250' title='bbox 941 3985 1058 4050; x_wconf 82' lang='lat' dir='ltr'><strong>Aeseh.</strong></span> <span class='ocrx_word' id='word_1_251' title='bbox 1085 3990 1194 4070; x_wconf 84' lang='lat' dir='ltr'><strong>Agam.</strong></span> <span class='ocrx_word' id='word_1_252' title='bbox 1218 3977 1262 4050; x_wconf 75' lang='lat' dir='ltr'><strong>dli</strong></span> 
     </span>
     <span class='ocr_line' id='line_1_36' title="bbox 284 4078 1260 4173; baseline 0.008 -31"><span class='ocrx_word' id='word_1_253' title='bbox 284 4093 376 4166; x_wconf 76' lang='lat' dir='ltr'><strong>sqq.;</strong></span> <span class='ocrx_word' id='word_1_254' title='bbox 401 4080 504 4163; x_wconf 87' lang='lat' dir='ltr'><strong>tangit</strong></span> <span class='ocrx_word' id='word_1_255' title='bbox 525 4099 595 4143; x_wconf 88' lang='lat' dir='ltr'><strong>rem</strong></span> <span class='ocrx_word' id='word_1_256' title='bbox 617 4078 754 4144; x_wconf 87' lang='lat' dir='ltr'><strong>Ovidius</strong></span> <span class='ocrx_word' id='word_1_257' title='bbox 774 4085 852 4147; x_wconf 85' lang='lat' dir='ltr'><strong>Met.</strong></span> <span class='ocrx_word' id='word_1_258' title='bbox 873 4086 964 4168; x_wconf 83' lang='lat' dir='ltr'><strong>xtv,</strong></span> <span class='ocrx_word' id='word_1_259' title='bbox 984 4091 1072 4173; x_wconf 64' lang='lat'><strong>=4723</strong></span> <span class='ocrx_word' id='word_1_260' title='bbox 1098 4091 1188 4158; x_wconf 83' lang='lat' dir='ltr'><strong>Rem.</strong></span> <span class='ocrx_word' id='word_1_261' title='bbox 1205 4086 1260 4148; x_wconf 76' lang='lat' dir='ltr'><strong>An</strong></span> 
     </span>
    </p>
   </div>
   <div class='ocr_carea' id='block_1_4' title="bbox 0 0 1318 4768">
    <p class='ocr_par' dir='ltr' id='par_1_4' title="bbox 0 0 1318 4768">
     <span class='ocr_line' id='line_1_37' title="bbox 0 0 1318 4768; baseline 0 1"><span class='ocrx_word' id='word_1_262' title='bbox 0 0 1318 4768; x_wconf 95' lang='lat' dir='ltr'><strong> </strong></span> 
     </span>
    </p>
   </div>
  </div>
 </body>
</html>
