2626 4768
668 393 890 462 ...144-

275 561 414 646 11,166';
448 563 505 648 qni
525 583 582 640 eoo
604 571 661 626 aut
681 564 837 628 cuniculis
868 578 924 628 aut
944 586 1006 650 per
1027 568 1169 632 cloacas
1199 567 1241 630 in
1266 591 1295 630 ar

275 686 347 733 cem
368 665 507 728 evasisse
526 674 642 749 putat3
675 665 772 732 Ovid.
793 670 871 735 Met.
890 671 979 749 lllll,
1000 671 1077 750 3453
1112 674 1231 737 Faet.
1257 675 1295 738 Vl

274 777 347 848 430.
387 776 547 836 Narratur
575 774 690 853 etiam,
719 795 793 836 cum
824 784 922 858 rapto
943 776 1090 838 Palladio
1120 777 1167 838 in
1195 793 1295 839 casto

275 881 438 959 redirent,
470 883 645 964 Ulyssem,
676 904 743 966 qno
764 884 854 946 solus
876 885 945 947 eius
965 883 1118 947 facinoris
1148 885 1295 948 effector

274 983 463 1063 videretur,
495 995 709 1066 praeeuntem
728 985 922 1050 Diomedem
950 987 985 1050 in
1018 989 1143 1052 itinere
1170 990 1296 1051 interfi-

276 1109 353 1152 cere
374 1089 537 1171 voluisse3
568 1086 655 1150 hunc
685 1101 811 1167 autem,
845 1109 917 1152 cnm
939 1090 973 1151 id
993 1088 1034 1152 ad
1054 1091 1163 1152 lunae
1189 1093 1296 1174 splen·

276 1193 390 1258 dorem
410 1192 632 1276 cognovisset,
662 1194 770 1277 gladio
791 1195 907 1257 stricto
927 1195 1092 1277 Ulyssem,
1121 1208 1171 1258 ut
1196 1199 1296 1258 antei

259 1277 338 1377 ¹rel,
359 1296 525 1378 coegisse3
547 1296 660 1360 Conon
680 1307 800 1362 narrat.
821 1296 873 1361 34.
894 1297 989 1362 Serv.
1010 1298 1032 1362 l.
1044 1297 1074 1374 l.

357 1401 505 1464 Reverso
534 1419 574 1462 cx
594 1401 756 1484 legatione
777 1402 948 1464 Antenore
973 1400 1150 1462 consilium
1180 1403 1297 1478 Troia

207 1575 210 1582 ¹
277 1525 393 1567 norum
413 1503 559 1567 hobitum
581 1524 652 1568 esse
673 1504 785 1586 Dictys
806 1513 927 1582 narrat,
948 1504 982 1566 in
1002 1525 1068 1588 qno
1087 1505 1243 1586 placuit,
1263 1481 1297 1566 ml

277 1603 348 1688 ipsc
368 1614 403 1666 et
421 1605 550 1668 Aeneas
570 1604 690 1666 iterum
712 1603 811 1686 legati
831 1603 871 1666 ad
886 1604 1028 1666 Graecos
1049 1603 1284 1684 mitterentur,

278 1707 336 1792 qui
355 1707 444 1768 missi
462 1708 497 1768 in
517 1717 622 1769 costra
642 1705 717 1769 inde
738 1707 885 1789 Ulyssem
905 1718 941 1770 et
952 1707 1149 1769 Diomedem
1176 1731 1285 1770 secun

278 1811 313 1878 in
334 1809 449 1872 urbem
482 1809 701 1887 abduxerunt,
734 1829 808 1872 cum
838 1809 955 1892 quihus
977 1810 1017 1870 de
1039 1811 1257 1874 conditionib

277 1911 366 1996 pacis
396 1919 558 1994 ageretur.
598 1912 649 1971 Ex
682 1930 799 1970 eorum
839 1921 873 1970 et
894 1909 1122 1984 Troianorum¹
1146 1916 1271 1974 consili

279 2012 390 2098 itaque
410 2012 550 2094 primurn
571 2008 782 2074 Antimachus
808 2031 850 2072 ex
878 2009 965 2071 omni
985 2009 1128 2092 Phrygia
1150 2015 1283 2074 exulare

278 2115 385 2178 iussus
406 2122 472 2192 est,
493 2111 564 2174 auri
584 2121 692 2174 autem
712 2119 747 2172 et
767 2111 893 2194 argenti
911 2111 994 2172 binis
1015 2111 1161 2174 millibus
1183 2116 1282 2176 talen·

278 2231 390 2282 torum
409 2216 541 2280 tandem
561 2228 637 2298 post
656 2216 774 2276 multas
795 2216 1005 2278 tractationes
1026 2231 1082 2280 res
1095 2215 1210 2280 decisa
1223 2233 1279 2298 est,

245 2394 249 2401 .
279 2321 322 2386 cl.
343 2322 452 2380 loann.
473 2317 580 2378 Malel.
601 2333 673 2398 pag.
697 2316 763 2386 143.
792 2379 794 2388 ,

361 2420 427 2480 Per
446 2417 532 2478 idem
553 2428 681 2498 tempus
701 2413 795 2476 ruina
817 2435 963 2478 camerae
984 2418 1090 2499 liberi,
1113 2443 1190 2506 qnos
1209 2422 1274 2482 He-

278 2523 353 2586 lena
373 2543 412 2586 ex
433 2518 551 2582 Paride
572 2526 739 2602 genuerat,
760 2519 1040 2602 extinguebantur,
1063 2544 1206 2605 quorum
1223 2548 1279 2588 no-

277 2629 364 2690 mina
383 2626 496 2706 Dictys
518 2621 650 2684 exhibet
677 2621 733 2704 (V,
754 2623 789 2704 5)
823 2625 1025 2704 Bunomnm,
1053 2627 1227 2689 Corithum
1249 2636 1281 2689 et

277 2732 418 2794 Idaeum.
458 2727 646 2790 Eustathius
676 2725 732 2808 (ad
754 2725 817 2790 od.
841 2726 868 2805 d,
890 2727 924 2807 3)
958 2729 1122 2790 Helenum
1156 2739 1194 2790 et
1222 2732 1280 2792 Co·

277 2833 400 2896 rithum
420 2831 581 2910 no'minat3
610 2826 670 2892 sed
696 2827 782 2890 idem
804 2828 867 2888 alio
896 2828 970 2890 loco
994 2828 1050 2911 (ad
1071 2831 1109 2892 ll.
1129 2853 1158 2911 y,
1182 2837 1279 2914 40)e

277 2934 434 3018 Dionysio
452 2930 639 2992 Dardanum
659 2929 775 3010 affert3
798 2943 937 3014 quatuor
959 2938 1277 2999 enumerathetzes
1298 2969 1299 2972 ¹

276 3043 318 3106 ad
338 3037 500 3123 Lycophr.
520 3038 578 3101 851
602 3045 637 3099 et
657 3037 754 3099 Hom.
773 3040 853 3104 lilio:
881 3036 1058 3115 Bunicom,
1088 3037 1275 3118 Corythum,

278 3155 423 3234 Aganum
444 3157 478 3208 et
500 3143 647 3222 Idaeum3
671 3143 804 3203 loannes
824 3139 932 3202 Malel.
951 3161 1024 3224 pag.
1048 3148 1105 3213 rho
1125 3159 1274 3208 recenset

277 3251 470 3331 Bunymum,
485 3242 701 3325 Corythaenm
722 3249 761 3301 etv
777 3239 917 3300 Idaeum.
938 3243 1023 3302 Num
1033 3245 1199 3306 Bunomus
1221 3260 1271 3310 aut

277 3354 419 3416 Eunicus
439 3369 555 3414 verum
574 3367 692 3410 nomen
713 3346 770 3423 sit,
792 3344 979 3407 discernere
998 3369 1063 3408 non
1083 3346 1176 3423 licet,
1214 3353 1270 3414 co.
1296 3283 1299 3416 l

277 3459 391 3543 rythus
413 3467 521 3518 autern
541 3455 694 3537 profecto
726 3474 793 3514 non
816 3453 967 3515 Corithus
988 3453 1191 3518 scribendum
1213 3474 1267 3540 est,

278 3563 406 3644 dequo
437 3560 564 3639 legatur
590 3554 743 3616 Parthen.
774 3556 870 3625 Erot,
891 3557 949 3638 343
979 3559 1105 3620 Paridis
1136 3579 1208 3622 enm
1233 3577 1266 3626 et

279 3665 432 3730 Oenones
465 3659 568 3720 filium
600 3658 719 3738 fuisse;
750 3657 900 3740 quicum
922 3661 1051 3723 Troiam
1071 3660 1208 3724 venisset
1226 3665 1263 3725 ah

278 3767 403 3828 Helena
435 3779 514 3846 prae
544 3759 662 3820 ceteris
693 3756 1031 3844 benigne-exceptus,
1064 3777 1098 3825 et
1129 3777 1262 3846 apatre,

279 3870 335 3953 qui
363 3888 405 3930 ne
436 3881 610 3928 novercam
631 3872 754 3923 amaret
774 3861 927 3941 timebat,
957 3864 1081 3927 occisus
1114 3875 1209 3950 essct3
1241 3890 1259 3932 a

276 3971 438 4033 Nicandro
459 3974 568 4030 autem
589 3961 689 4026 effert
708 3984 783 4026 eum
802 3963 927 4028 Paridis
949 3978 983 4030 et
1002 3968 1145 4032 Helenae
1163 3969 1256 4036 lilium

277 4070 387 4136 luisse.
