2726 4770
445 377 731 443 2-137«

98 549 189 620 mum
223 554 407 636 siugulatim
441 572 516 615 cum
550 553 615 614 suis
650 569 814 637 quemque
844 550 998 612 militibus
1028 550 1103 614 ‘cer-

105 675 188 724 tasse
218 659 317 721 tradit
336 657 553 721 Philostratus
576 660 695 740 lmagg.
719 679 757 719 ro
779 653 824 720 cf.
844 655 949 738 intpp,
972 675 1004 738 p.
1032 654 1104 719 630.

186 765 254 828 Sed
273 772 348 826 ante
371 764 477 824 omnia
497 761 578 825 haec
608 765 716 826 statim
743 772 819 846 post
839 762 944 824 Aiacis
965 774 1106 842 mortem

105 867 273 930 Helenum
309 865 348 926 ab
369 866 484 948 Ulysse
518 863 638 926 insidiis
676 876 807 947 captum
838 883 909 926 esse
940 873 1106 924 narratum

104 979 176 1034 erat
196 973 230 1032 in
251 967 349 1031 Iliade
370 989 481 1051 parva,
502 979 536 1030 et
557 967 626 1029 eius
646 967 851 1050 potissimum
870 963 1029 1028 vaticiniis
1048 963 1107 1024 ob'·

103 1079 325 1153 temperantes
363 1070 505 1131 Graecos
539 1068 757 1130 Philoctetam
788 1078 822 1129 et
853 1066 1106 1148 Neoptolemum

73 1227 76 1234 .
104 1175 285 1257 adduxisse,
308 1177 350 1242 cf.
370 1176 479 1237 Procl.
501 1194 570 1236 exe.
583 1173 737 1257 Sophool.
753 1172 893 1236 Philoet.
914 1172 985 1251 605,
1007 1173 1106 1237 Ovid.
1194 1183 1197 1190 ⁴

103 1283 182 1343 Met.
206 1281 293 1359 XIII,
315 1299 364 1364 99.
399 1277 449 1338 Ad
470 1276 610 1338 Arisben
632 1297 706 1338 eum
728 1289 858 1358 captum
880 1297 951 1338 esse
972 1275 1106 1338 Servius

107 1379 210 1443 tradit
225 1379 271 1440 ad
292 1383 372 1441 Aen.
402 1380 442 1457 II,
477 1376 554 1459 1663
585 1375 685 1439 affert
711 1389 821 1439 autem
849 1376 943 1438 aliam
975 1395 1108 1460 quoque

106 1485 337 1561 narrationem,
359 1483 487 1545 eumin
514 1481 601 1543 Idam
622 1490 765 1543 montem
795 1481 972 1542 secessisse
1008 1490 1041 1541 et
1062 1479 1109 1541 ibi

105 1593 262 1646 monente
284 1581 476 1661 Calchante,
504 1592 561 1644 aut
582 1581 715 1663 Chryse,
735 1580 775 1644 ut'
793 1582 905 1663 Dictys
927 1579 1035 1668 tradit,
1057 1593 1109 1640 caL

107 1697 204 1770 ptum
239 1705 309 1748 esse
343 1686 383 1748 ab
404 1665 530 1769 Ulysse,
562 1686 603 1748 cf.
626 1689 748 1752 Conon.
778 1709 864 1749 narr.
898 1687 949 1758 34.
990 1687 1054 1748 Alii
1069 1686 1126 1750 adv

106 1787 252 1852 Achivos
281 1807 355 1850 eum
381 1789 567 1871 perfugisse
610 1797 759 1866 narrant,
788 1800 825 1850 ut
852 1788 1028 1872 Tryphiod.
1058 1789 1110 1859 45.

110 1899 228 1957 Tacta.
257 1890 370 1953 Posth.
399 1892 478 1974 ⁵7¹3
518 1912 656 1976 cumque
681 1904 805 1972 'postea
839 1891 1020 1952 Antim'achi
1052 1891 1112 1954 filii

110 2014 185 2056 eum
218 1992 430 2055 reconciliare
453 1989 550 2052 rebus
572 1991 786 2052 Troianorum
808 1993 994 2070 studerent,
1025 1994 1112 2075 eapti

111 2104 146 2158 et
165 2091 325 2175 lapidibus
348 2093 459 2156 obruti
479 2105 564 2174 suut,
585 2094 671 2155 Dict.
685 2096 740 2172 IV,
761 2114 818 2175 213
840 2095 999 2156 Homerus
1021 2097 1060 2159 11.
1082 2101 1111 2178 l,
1199 2087 1201 2094 ¹

118 2181 183 2270 aba,
213 2187 271 2256 143
301 2210 372 2276 sqq.
401 2211 457 2255 eos
479 2190 520 2255 ab
548 2192 789 2278 Agamemnone
817 2193 851 2256 iu
885 2211 998 2278 ‘pugna
1013 2195 1111 2276 ¹oeci·

114 2316 166 2360 σοι
186 2314 259 2358 esse
279 2302 401 2358 narrat.

434 2793 649 2881 aanor
698 2805 802 2882 xvi.
914 2911 916 2923 Ι

132 3044 903 3118 ratusocctsus‚1›E11²n0131ErHELENIE
922 3049 1099 3106 NUPTIAE.
1174 3071 1177 3082 ·

111 3270 246 3378 Tertio
274 3326 350 3398 post
378 3313 510 3378 caedem
531 3315 689 3399 Eurypyli
710 3313 761 3376 die
784 3312 887 3396 (Diot.
910 3315 967 3393 IV,
993 3315 1044 3399 ¹9)
1074 3315 1108 3377 in

110 3444 257 3512 pugnam
286 3421 326 3484 ab
357 3434 497 3504 utraque
532 3433 626 3506 parte
661 3423 773 3505 copiae
808 3421 988 3505 productae
1024 3430 1116 3500 sunt3

112 3528 198 3592 belli
230 3534 381 3586 auctores
402 3524 593 3605 Deiphobus
622 3534 655 3585 et
685 3529 809 3603 Aeneas
845 3524 931 3608 apud
958 3524 1116 3617 Quintum

114 3635 175 3713 lx,
200 3633 260 3714 803
288 3632 329 3708 X,
354 3653 366 3690 1
391 3661 431 3674 -
452 3631 493 3699 45
513 3631 736 3710 nomiuantur,
769 3651 953 3716 quanquam
979 3631 1118 3713 Polyda·

113 3755 196 3812 mas,
217 3742 255 3795 ut
275 3733 360 3794 iutra
380 3749 547 3796 murosvse
570 3732 794 3814 defenderent,
817 3734 981 3797 suadebat.
1023 3734 1059 3793 In
1081 3753 1120 3794 ea

89 3899 93 3904 ,
116 3857 228 3926 pugna
248 3834 340 3897 Paris
362 3853 380 3894 a
400 3831 593 3912 Philocteta,
615 3851 689 3894 cum
710 3844 774 3919 qu‘o
792 3822 951 3920 'singulari
972 3837 1121 3898 certami-

116 3965 163 4010 ne
185 3939 349 4025 sagittario
373 3956 566 4020 congressus
588 3948 674 4017 erat,
704 3953 837 4004 necatus
866 3962 937 4004 esse
963 3939 1083 4002 dieitur
1103 3961 1122 4000 a

115 4041 246 4108 Leaehe
279 4033 586 4122 (cf.Proc1.exc.),
614 4049 649 4100 et
677 4037 815 4104 cadaver
844 4039 913 4104 eius
935 4061 953 4100 a
972 4040 1121 4104 Menelao
