2626 4768
443 405 665 470 -183-
777 449 780 456 .

22 591 155 663 patre,
179 595 277 662 quem
298 575 466 660 Penelope
497 576 578 640 irata
608 574 651 674 oh
679 593 823 638 amorem
855 574 1000 660 coniugia
1021 576 1055 638 in

25 681 208 763 Euippen
229 689 343 742 contra
363 697 438 740 eum
472 679 687 758 excitaverat,
719 677 832 762 ignaro
864 677 935 763 quis
969 685 1056 740 esset

29 783 178 847 occisus
207 789 267 842 est

129 889 215 948 Post
234 898 376 949 mortem
395 885 528 970 reginae
550 882 720 948 Callidices
732 884 862 967 Ulysses
884 879 1001 944 deinde
1022 880 1055 944 in

31 994 190 1077 patriam
212 988 326 1069 rediit,
358 989 443 1052 lilius
466 1000 574 1052 autem
602 989 670 1052 eius
690 987 890 1071 Polypoetes
919 987 1055 1070 reguum

36 1095 275 1174 Thesprotum
313 1091 427 1154 tenuit.
481 1092 608 1152 Interea
649 1091 835 1174 Telegonus
875 1091 985 1152 Circes
1004 1102 1055 1152 et

31 1197 178 1277 Ulysses
200 1191 304 1273 filius,
328 1205 364 1254 ut
384 1205 510 1274 patrem
532 1183 708 1276 quaeredct
743 1192 991 1271 circumerrnns,
1014 1189 1055 1252 ad

36 1302 194 1363 Ithacam
214 1318 311 1362 nares
332 1299 458 1382 appulit
479 1307 513 1362 et
531 1311 659 1381 patrem
669 1300 819 1382 ignorans
842 1299 971 1362 occidit.
1000 1299 1055 1360 Sic

39 1408 189 1469 Proclus
211 1428 250 1470 ex
269 1409 510 1490 Eugammone,
539 1406 583 1468 cl.
603 1406 736 1470 Lucian.
757 1409 838 1476 Ver.
860 1409 903 1470 H.
932 1406 1052 1485 11‚35;

40 1511 163 1568 Tecta.
194 1505 234 1567 ad
254 1509 331 1588 Lyc.
351 1511 421 1592 794.
443 1505 552 1568 Schol.
575 1505 639 1568 Od.
660 1509 753 1569 Eust.
771 1507 823 1598 ,ad
845 1507 909 1571 od.
932 1507 1056 1586 l,'153.‘
1169 1488 1171 1498 Ι

43 1611 146 1672 Serv.
169 1607 309 1669 ed‘Aen.
331 1609 371 1686 11,
391 1606 443 1677 442
463 1608 576 1690 Dictys
598 1609 655 1688 Vl,
686 1607 723 1670 15
752 1628 881 1670 omnem
910 1627 981 1670 rem
1003 1625 1055 1670 ac·

48 1714 198 1776 curatius
222 1725 378 1788 enarrrat,
399 1713 547 1793 Ulyssem
567 1710 677 1772 multis
699 1711 863 1775 insomniis
882 1709 1053 1793 perturba·

43 1831 120 1880 tum
154 1835 227 1878 cum
249 1812 441 1877 oonsulisset
472 1813 513 1876 de
544 1813 582 1875 iis
610 1822 719 1893 vates,
753 1834 944 1895 responsum
965 1831 1054 1876 aece-

41 1923 152 2004 pisse,
186 1932 225 1981 ut
243 1907 297 1980 'ab
329 1918 450 1980 insidiis
470 1917 529 1978 filii
560 1917 620 1979 sibi
641 1931 781 1982 caveret.
822 1915 1053 1979 Telemachum

47 2025 161 2106 itaque
182 2021 222 2082 ab
244 2041 283 2083 eo
305 2019 338 2082 in
365 2040 477 2103 agrum
499 2019 734 2102 Cephalenium
760 2020 941 2101 relegatum
970 2038 1064 2082 essa..

51 2135 138 2192 Tum
167 2127 333 2194 advenisse
356 2128 576 2210 Telegonum,
593 2143 745 2213 'eumque
779 2149 852 2189 cum
874 2148 893 2186 a
914 2123 1053 2186 custodi·

48 2233 111 2293 bus
132 2244 238 2293 terrae
260 2230 349 2292 aditu
370 2230 613 2312 prohiberetur,
633 2234 666 2295 ri
688 2231 860 2295 adversum
885 2250 941 2293 eos
958 2251 1052 2292 usum

47 2352 124 2396 esse
145 2345 178 2395 et
197 2343 325 2415 patrem
346 2333 379 2392 in
401 2353 440 2394 eo
461 2332 604 2394 tumultu
616 2351 758 2397 necasse.
789 2331 931 2393 laculum
944 2343 1066 2422 autern¹

50 2457 118 2518 quo
139 2433 282 2497 tranfixit
301 2447 428 2516 patrem
449 2433 575 2515 insigne
595 2441 667 2496 erat
689 2434 823 2517 cuspide
846 2455 885 2494 ex
909 2455 979 2496 osse
1003 2434 1064 2517 pi··
1147 2449 1151 2458 ’

51 2537 113 2597 scis
133 2535 264 2597 alicuius
286 2536 383 2614 facto,
405 2537 445 2596 cf.
466 2535 615 2598 Eustatlr.
638 2535 678 2597 ad
691 2536 754 2598 Od.
777 2542 805 2616 l,
829 2541 897 2602 133.
914 2537 1051 2621 Oppian.

51 2641 135 2701 Pisc.
155 2639 224 2724 496.
258 2642 288 2702 A
316 2643 446 2724 tragicis
480 2642 587 2724 poetis
620 2641 701 2706 haec
721 2663 774 2706 res
796 2653 925 2706 narrata
944 2644 1053 2708 fuerat

51 2743 254 2824 carminibus,
287 2744 327 2807 cf.
362 2747 509 2828 lragmm.
539 2747 694 2830 Sophocl.
727 2748 778 2810 ed.
808 2749 907 2814 Both.
939 2771 971 2832 p.
993 2749 1051 2832 683

50 2849 131 2930 Hyg.
150 2846 214 2910 fab.
240 2850 311 2929 1253
337 2850 416 2932 1263
447 2869 520 2933 1273
550 2852 606 2936 qui
628 2855 828 2938 Telegonum
850 2857 890 2920 ad
911 2859 1052 2919 Ithacam

52 2949 215 3032 naufragio
237 2950 324 3014 facto
353 2959 426 3014 cuni
456 2973 550 3035 agros
582 2954 849 3040 depopularetur,
874 2959 914 3021 ab
936 2962 1050 3041 Ulysse

54 3049 249 3132 prohibitum
282 3064 353 3114 esse
383 3067 416 3115 et
439 3075 511 3114 eum
542 3053 585 3114 ibi
615 3067 742 3136 patrem
775 3075 906 3117 necasse
942 3054 1051 3118 tradit.

54 3157 188 3214 Taetzes
221 3154 261 3215 ad
281 3155 442 3237 Lycophr.
473 3161 535 3240 794
554 3155 702 3236 Ulyssem
730 3174 791 3235 pro
813 3155 967 3238 gregibus
986 3159 1051 3218 suis
1102 3213 1104 3216 .
1181 3127 1191 3142 .

54 3255 181 3316 fortiter
202 3265 400 3337 pugnantem
421 3257 564 3319 occisum
587 3277 658 3320 esse
689 3258 788 3339 dieit,
822 3259 863 3320 ef.
887 3263 989 3322 Tzetz
1009 3260 1050 3322 ad

53 3358 129 3438 Lyc.
149 3357 223 3424 805„

134 3457 333 3539 Telegonum
354 3459 471 3522 deinde
492 3462 724 3526 Telemachum
752 3470 786 3522 et
804 3463 996 3547 Penelopen
1017 3471 1052 3526 et

51 3564 176 3641 patrem
195 3569 362 3622 mortuum
392 3583 502 3624 secum
532 3564 573 3624 ad
592 3575 729 3625 matrem
751 3564 919 3627 advexisse
940 3587 1050 3627 narra·
1076 3583 1080 3602 ‘

51 3659 108 3721 bat
125 3663 342 3745 Eugammon3
372 3664 465 3726 Circe
488 3676 596 3728 autem
616 3667 816 3728 immortales
840 3687 895 3731 eos
916 3668 996 3730 fecit
1017 3678 1052 3730 et

56 3765 157 3841 nupsit
177 3766 383 3846 Telemacho,
407 3769 574 3851 Telegono
592 3782 700 3831 autem
717 3771 899 3853 Penelope3
924 3770 1050 3833 monitu

56 3865 210 3928 lllinervae
232 3889 270 3930 ea
290 3867 376 3930 facta
399 3889 470 3932 esse
490 3878 601 3931 narrat
621 3873 704 3952 Hyg.
726 3869 749 3931 f.
775 3885 851 3951 1273
884 3870 917 3932 in
937 3871 1049 3933 insulis
1116 3925 1128 3934 .

56 3967 228 4054 bealorum,
251 3973 437 4036 'l'zetn'ad
457 3976 534 4056 Lyc.
555 3975 627 4039 805.
668 3973 775 4036 Aliam
806 3973 847 4036 de
881 3975 1048 4059 Penelope

56 4075 262 4138 narrationem
271 4098 367 4162 supra
375 4077 687 4163 commemorabam,
700 4075 799 4140 filiam
808 4097 846 4140 ex
855 4079 1046 4162 eaUlyssem
