2722 4776
291 393 303 428 t

654 373 1015 502 ¹--eo--⁸

236 605 238 612 ·
295 586 410 658 uicisse
432 607 609 673 regemque
638 609 751 652 eorum
771 593 894 674 Byzum
923 589 1125 658 interfecisse
1155 587 1295 653 dieiture

254 691 259 712 “
296 691 411 754 Conon
433 715 482 776 up.
503 693 600 756 Pbot.
620 715 693 776 pag.
715 712 783 758 uua.
805 695 856 760 ed.
876 694 1017 758 Hoesob.
1151 674 1153 684 ,

373 796 423 856 Ex
438 797 619 871 Assaraco,
649 816 746 879 quem
768 799 878 858 Iovem
907 819 946 858 ex
966 795 1099 860 Acalide
1125 795 1150 877 ¹)
1172 797 1294 856 Eume·

295 889 343 954 dis
357 889 421 952 Iilia
433 897 582 976 genuisse
606 895 702 956 tradit
717 895 849 976 Dionys.
864 896 885 956 l.
897 896 919 956 l.
940 896 1066 958 Aeneas
1077 916 1177 979 genus
1199 917 1295 956 suum

296 992 443 1056 deducit:
467 997 502 1056 II.
525 1021 555 1074 n,
577 997 645 1080 239,
667 1019 715 1082 sq.
743 1002 781 1061 ln
803 997 881 1060 duas
902 1012 1010 1081 partes
1025 1019 1161 1082 regnum
1181 1009 1294 1081 pater-

294 1116 371 1155 num
393 1095 529 1157 divisum
551 1118 630 1178 esse,
654 1112 689 1160 ut
709 1101 811 1164 altera
834 1101 880 1176 Iii,
902 1100 1163 1163 aiteraAssaraei
1183 1099 1293 1180 fieret,

296 1202 384 1286 quod
395 1203 633 1265 Dardaniorum
645 1187 781 1286 regnum
794 1203 972 1281 dicebatur,
989 1223 1029 1264 ex
1043 1205 1079 1267 II.
1091 1206 1160 1283 fia.
1170 1207 1294 1284 8uoap-

293 1318 405 1388 paret:
429 1305 468 1370 cf,
478 1306 573 1371 Diod.
595 1309 649 1374 III.
670 1329 734 1390 pag
754 1309 813 1392 319
827 1308 957 1391 (e.75)3
977 1307 1082 1370 Strab.
1096 1308 1167 1383 XII,
1186 1327 1223 1388 p.
1239 1309 1292 1386 847

292 1411 345 1490 D3
366 1411 452 1470 XIII.
473 1432 505 1492 p.
524 1413 582 1494 891
606 1412 653 1492 ὓς
684 1409 792 1472 Schol.
814 1412 851 1476 ΙΙ.
870 1433 900 1491 y,
929 1409 1001 1478 453.
1021 1443 1061 1456 -
1081 1409 1239 1470 Assaraci
1265 1407 1292 1469 fi·

294 1509 372 1569 lium
398 1510 506 1594 Capyn
526 1519 652 1592 patrem
676 1511 832 1572 Anchisae
860 1511 959 1584 fuisse
981 1522 1130 1571 constans
1151 1511 1292 1570 omnium

293 1609 436 1672 narratio
458 1618 508 1674 est
527 1623 659 1692 praeter
681 1610 851 1693 Hyginum,
886 1610 943 1694 qui
975 1609 1039 1675 fab.
1067 1615 1107 1693 94
1129 1610 1287 1672 Anchisen

293 1715 442 1778 Assaraci
476 1713 578 1776 filium
611 1714 696 1776 dicit.
740 1715 806 1776 Sed
831 1716 865 1776 iu
898 1714 946 1777 his
981 1714 1196 1796 scriptoribus
1235 1717 1288 1776 fre·

297 1835 437 1906 quenter
458 1822 661 1902 observatur,
683 1836 720 1885 ut
740 1844 858 1886 nomen
878 1825 930 1886 avi
960 1843 1020 1904 pro
1041 1824 1163 1906 patris,
1194 1823 1288 1905 patris

293 1943 356 2008 pro
379 1922 430 1984 uvi
450 1930 580 1986 nornine
607 1926 785 2008 posuerim.

375 2023 427 2088 De
443 2025 627 2108 Ganymede
642 2027 728 2089 varia
740 2025 922 2095 traduntur.
944 2029 1106 2086 Homerus
1125 2024 1164 2088 11.
1182 2048 1215 2098 u,
1238 2024 1288 2087 235

296 2141 370 2183 eum
391 2143 409 2182 a
430 2120 500 2182 Diis
522 2109 652 2206 raptuin
674 2143 743 2186 esse
766 2123 861 2202 dicit,
891 2130 930 2184 ut
950 2123 1020 2184 Iovi
1047 2119 1160 2182 bibere
1197 2119 1288 2180 admi·

295 2222 466 2302 nistraret,
488 2226 544 2309 qui
565 2248 626 2306 pro
648 2225 716 2286 filio
739 2228 818 2288 'I'roi
839 2224 1037 2289 immortales
1059 2243 1162 2306 equos
1187 2221 1287 2300 dedit,

295 2325 339 2388 ef.
361 2326 387 2385 II
410 2347 435 2399 ε,
458 2326 536 2406 ubb3
557 2328 675 2408 Hymn.
696 2328 779 2392 Ven.
802 2327 860 2388 203
882 2329 972 2388 Haeo
992 2323 1055 2385 fuit
1075 2323 1285 2406 vulgatissima

295 2423 494 2506 antiquitatis
527 2423 685 2501 narratio,
714 2426 747 2484 in
782 2445 821 2486 eo
855 2432 980 2484 tantum
1011 2422 1198 2500 immutata,
1219 2431 1284 2484 uta

294 2532 373 2594 Iove
394 2529 476 2611 ipso,
498 2550 572 2596 cum
592 2531 724 2594 assiduis
747 2529 970 2596 venationibus
984 2529 1167 2610 interesset,
1189 2531 1279 2613 (Laut.

259 2689 265 2700 .
294 2633 383 2696 Piae.
395 2633 469 2707 XL)
485 2643 620 2714 propter
641 2634 788 2694 eximiam
808 2631 946 2692 formam
969 2653 1042 2694 eum
1057 2644 1189 2714 ‚raptum
1215 2647 1274 2690 esse

296 2759 472 2822 amoreque
492 2739 559 2800 eius
576 2759 766 2822 percussum
784 2737 894 2798 lovem
912 2736 993 2797 sein
1019 2737 1154 2818 aquilam
1171 2737 1268 2794 immu-

294 2854 380 2908 tasse
403 2843 558 2920 dicerent,
580 2842 685 2926 qualia
696 2841 855 2903 Lucienus
878 2852 910 2901 et
926 2847 1044 2921 poetae
1059 2841 1201 2902 ludentes
1214 2846 1273 2896 tra-

297 2948 388 3012 dunt.
411 2948 450 3012 cf.
463 2949 570 3030 Apoll.
584 2948 646 3008 Rh.
666 2948 729 3026 III,
754 2946 810 3008 115
823 2945 932 3028 ibique
946 2947 1075 3028 Schol.3
1097 2949 1187 3028 Virg.
1208 2945 1281 3007 Aen.

297 3055 322 3133 1,
335 3059 384 3134 28,
405 3054 514 3138 ibiqne
536 3056 648 3134 Serr.;
670 3054 811 3135 interpp.
830 3052 963 3114 Luciani
979 3053 1062 3114 Dial.
1084 3027 1236 3132 Deoisst,
1255 3059 1286 3110 et
1315 3055 1316 3089 I

299 3157 462 3220 Ciceronis
485 3157 524 3218 ud
546 3161 641 3221 Tusc.
660 3157 752 3238 Disp.
775 3157 798 3234 I,
821 3159 869 3218 ab.
910 3156 1090 3239 Stephanus
1112 3159 1192 3238 Byz.
1215 3154 1291 3234 (sy.
1314 3175 1315 3264 ,

298 3256 461 3340 ἁρπαγιά)
492 3258 616 3336 Iocum,
650 3257 735 3318 undu
765 3265 875 3338 raptus
903 3257 962 3335 sit,
994 3259 1145 3339 Cyzicum
1174 3257 1291 3318 dictum

297 3381 368 3422 esse
391 3359 498 3421 tradit.
540 3357 684 3419 Dardani
704 3356 807 3418 filium
828 3378 902 3419 eum
924 3378 993 3420 esse
1014 3359 1290 3421 Pseudo-Lucium

299 3465 426 3529 Charid.
458 3463 487 3545 §-
515 3488 535 3546 7
565 3462 660 3544 dicit,
694 3461 922 3526 Laomedontis
954 3463 1089 3528 fratrem
1110 3466 1229 3526 Taetz.
1261 3455 1294 3522 ad

293 3637 605 3656 m

334 3753 357 3816 ¹)
375 3747 522 3802 Coniiciat
540 3747 668 3823 aliquis,
689 3764 797 3800 nomen
815 3766 915 3806 verum
934 3751 1026 3803 Iaterc
1046 3752 1076 3802 in
1096 3749 1233 3802 lectione
1254 3766 1295 3802 co·

365 3850 438 3904 dicis
457 3851 526 3909 Vat.
543 3837 783 3922 Ἀκαλλαρίδος
805 3852 908 3924 relegi
928 3852 1037 3908 dehere
1056 3843 1296 3916 Ακακαλλίδος,

367 3939 449 4012 quod
478 3956 585 3992 nomen
605 3940 739 3994 Creticae
778 3942 897 4014 puellae
924 3943 1103 4012 Pausanias,
1134 3945 1297 4000 Sholiastes

286 4045 291 4052 ·
325 4109 326 4114 ¹
366 4032 507 4104 ApoIIon.
527 4032 578 4084 Rb.
599 4043 630 4086 et
647 4037 756 4088 Anton.
774 4035 839 4108 Lib.
858 4045 1012 4089 noverunt.
