2722 4776
1075 481 1078 492 q
1104 417 1131 474 V

133 617 175 694 bi
200 597 429 714 selegerant,
456 631 535 682 non
560 599 775 708 adscripsi,
819 627 869 676 ne
908 599 1131 676 aberrarem

133 731 242 815 afine
257 731 476 840 proposito·
511 725 560 800 Id
586 731 688 802 enim
713 727 889 832 agebam,
916 745 960 801 ut
976 743 1132 802 omnem

132 851 368 932 varietatem'
383 848 522 926 ordine
550 874 780 924 enarrarem.
817 849 917 922 Hinc
943 847 1060 923 etiam
1077 847 1133 922 fa·

133 997 241 1056 ctum
268 991 349 1067 est,
389 994 432 1046 ut
456 973 528 1047 ubi
555 971 606 1050 de
631 971 874 1077 mythologia
900 988 939 1046 et
963 971 1129 1073 religio-

131 1103 247 1176 nibus
277 1099 338 1200 agi
363 1114 524 1200 posset,
564 1123 610 1172 ea
651 1123 724 1200 ego
761 1097 1128 1200 praetermitterem,

133 1219 244 1324 quod
269 1218 370 1292 hanc
396 1215 645 1319 caliginosam
668 1218 893 1319 regionem,
922 1241 1011 1290 cum
1046 1241 1143 1290 earn.
1199 1215 1203 1223 ’

130 1343 365 1450 perquirere
405 1359 445 1417 et
468 1342 704 1448 perlustrare
729 1369 809 1417 non
834 1365 1014 1446 possem,
1056 1335 1135 1412 du-

126 1471 220 1544 ·bius
249 1483 288 1542 et
300 1467 432 1540 anxius
446 1491 649 1568 pererrare
665 1462 815 1538 nollem
824 1492 837 1552 3
851 1489 997 1566 neque,
1015 1463 1133 1565 quip-

136 1615 192 1694 pe
219 1586 539 1664 adulescentulus
574 1589 644 1662 etsi
672 1603 818 1660 tantum
841 1587 1010 1662 veritatis
1037 1601 1125 1658 stu·-

134 1711 294 1806 diosus,
337 1715 425 1790 satis
450 1728 629 1816 poteram
667 1737 832 1806 cavere,
871 1737 921 1785 ne
947 1709 1135 1783 ferociter

133 1835 405 1910 auctoritatem
444 1835 618 1908 virorum
663 1831 872 1908 doctorum
914 1829 1132 1921 laederem,

133 1984 303 2060 quorum
314 1957 533 2062 praeceptis
559 1959 642 2060 ipse
669 1955 824 2030 adiutus
848 1955 1012 2028 fueram.
1052 1951 1134 2027 Sed

132 2083 163 2155 si
193 2083 281 2179 quis
316 2077 606 2178 tragoediarum
638 2094 704 2152 aut
733 2079 900 2154 aliorum
925 2077 1136 2152 carminum
1234 2085 1237 2090 '

27 2183 37 2194 ⁶
133 2213 372 2299 argumenta,
400 2196 546 2299 quidve
564 2197 731 2275 artificiis
757 2201 1007 2303 exprimatur,
1037 2223 1135 2299 quae

63 2357 70 2370 ·
132 2323 285 2399 fabulas
326 2349 347 2397 e
392 2321 507 2426 cyclo
547 2324 694 2396 'l'roico
744 2320 968 2428 desumptas
1015 2320 1131 2393 exhi-

131 2451 253 2542 bent,
286 2449 510 2552 perquirat,
540 2449 571 2522 si
598 2449 707 2550 quis,
736 2465 881 2549 quanta
905 2449 999 2524 inde
1025 2477 1047 2522 a
1071 2474 1134 2522 re·

134 2571 346 2644 motissima
369 2572 597 2670 antiquitate
629 2573 669 2642 in
704 2571 765 2644 his
801 2569 945 2646 sabulis
972 2573 1137 2647 varietas

135 2694 383 2768 consentiens
410 2707 450 2766 et
475 2716 685 2766 consensus
703 2692 830 2766 varius
854 2692 987 2788 fuerit,
1016 2693 1138 2768 intel-

132 2814 257 2918 ligere
285 2840 334 2888 ex
360 2809 542 2917 exemplo
569 2814 773 2919 proposito
800 2815 943 2917 cupiat,
973 2815 1010 2888 ei
1035 2811 1140 2888 hano

136 2943 314 3042 exiguam
339 2967 499 3048 operam
528 2957 672 3043 gratam
697 2940 784 3016 fore
813 2968 944 3044 spero.
997 2941 1137 3044 Neque

137 3059 182 3132 id
204 3089 366 3163 parvum
390 3061 562 3157 iudicio,
605 3061 714 3165 quod
739 3063 877 3154 Wolfii
913 3063 1139 3142 immortalis

137 3181 213 3254 viri
237 3185 437 3258 sententia
471 3182 522 3258 de
549 3184 696 3286 origine
722 3185 1020 3258 Homericorum
1046 3212 1138 3259 car-

138 3302 287 3378 minum
317 3301 480 3380 fortasse
514 3304 810 3408 aliquommodo
836 3305 976 3379 firmari
1002 3308 1137 3409 possit.

141 3426 211 3500 Est
236 3441 442 3528 praeterea
466 3428 577 3502 hicce
603 3426 763 3502 libellus
791 3427 899 3530 quasi
923 3453 1011 3531 pars
1031 3429 1141 3533 prior

138 3573 265 3623 novae
291 3550 439 3652 Dictyis
466 3549 673 3646 editionis,
710 3577 826 3652 quam
850 3552 980 3652 paravi
992 3577 1005 3637 3
1049 3551 1142 3627 hinc

140 3671 316 3744 excusari
341 3685 495 3773 potest,
535 3667 647 3770 quod
690 3686 766 3742 tam
790 3669 976 3771 frequens
1003 3698 1141 3746 eorum

45 3829 48 3836 ·
144 3795 400 3897 scriptorum,
443 3794 511 3895 qni
536 3811 646 3870 aute
675 3795 812 3897 Dictye
838 3795 1052 3870 hauserunt
1075 3811 1143 3872 aut

145 3929 268 3990 aetate
295 3940 422 4018 aeque
447 3917 597 3992 recenti
623 3919 882 4021 scripserunt,
902 3921 1048 3994 mentio
1074 3916 1140 3992 fa-

143 4051 203 4110 cta
230 4041 289 4114 sit.
425 4051 427 4057 ‘
