2722 4776
515 384 696 476 “9’ss

112 563 286 636 supersunt
306 531 410 634 quatis
434 551 474 612 ab
497 551 583 622 omui
603 552 738 621 servitio
753 553 888 634 liberae,
909 553 1007 616 nullis
1019 571 1111 614 cero,

112 654 291 719 munierum
311 653 402 716 vanis
425 651 537 716 studiis
561 653 732 718 distractae
755 665 789 718 et
809 675 993 740 perversae,
1014 653 1112 716 nullis

112 751 318 814 sacerdotum
333 745 620 820 machinationibus
635 753 791 821 obnoxiae
806 765 904 839 atque
926 754 1112 830 obstrictae,

112 855 201 924 nulla
223 875 339 920 eorum
361 853 567 920 consortione
588 877 730 942 unquam
751 876 938 940 oppressae.

197 955 277 1018 Tria
298 956 498 1036 potissimum
518 961 608 1034 sunt,
636 979 719 1041 quae
742 967 853 1020 contra
874 955 957 1018 lianc
984 963 1115 1019 senten·

113 1059 192 1122 tiam
214 1053 370 1146 disputari
391 1053 532 1146 possint3
567 1065 602 1116 et
623 1056 729 1144 primo
752 1057 898 1141 quidem,
931 1059 1114 1120 Homerum

115 1180 152 1228 ut
184 1161 392 1226 Herodotum
419 1175 627 1226 reverentem
654 1166 803 1230 Deorum
842 1166 973 1234 numina
1009 1163 1116 1230 divina

63 1331 65 1337 A
116 1268 223 1334 omnia
245 1283 400 1348 sacraque
421 1265 584 1346 explicare
598 1265 741 1334 noluisse
763 1276 798 1333 et
816 1268 1012 1330 consulto
1034 1267 1116 1330 mul·

112 1377 147 1436 ta
167 1367 375 1450 praeteriisse
396 1365 545 1448 silenti03
567 1367 655 1454 quod
678 1369 846 1455 equidem,
868 1365 1033 1456 quemodo
1046 1367 1119 1436 ficri

114 1474 278 1553 potuerit,
298 1494 365 1535 non
386 1473 569 1554 intelligere
591 1483 704 1557 aperte
725 1471 895 1556 profiteor.
936 1474 1005 1538 Aut
1031 1470 1118 1538 enim

113 1575 277 1633 Homerus
312 1580 462 1653 tempora
493 1574 550 1640 illa
583 1571 767 1663 vitamque,
803 1573 907 1659 qualis
937 1579 1006 1633 tum
1038 1579 1119 1649 aral,

115 1680 293 1763 expressit,
336 1691 392 1742 aut
430 1683 504 1749 non‘
540 1681 721 1763 expressit,
764 1680 790 1744 si
832 1701 898 1744 uon
939 1677 1118 1762 expressit,

115 1784 244 1844 nullum
287 1785 418 1846 omnino
468 1803 506 1844 ex
551 1785 620 1845 eius
653 1779 847 1860 carminibus
893 1792 1118 1864 argumentum

18 1901 22 1908 ’
113 1885 258 1970 proferri
284 1898 412 1970 potest3
446 1887 526 1955 nihil
567 1884 698 1952 omnino
721 1886 762 1954 ad
781 1881 947 1947 historiam
986 1905 1023 1949 ca
1051 1869 1119 1946 car·

112 1988 199 2050 mina
230 1990 400 2072 pertinere
429 1989 635 2050 indicandum
657 1998 723 2066 est;
752 1985 780 2054 si
807 1995 916 2048 autem
949 1983 1120 2066 expressit,

113 2090 204 2177 quod
236 2113 276 2152 ex
302 2089 379 2171 ipsis
404 2089 596 2158 carminibus
627 2099 764 2172 apparet
791 2101 825 2150 et
851 2107 961 2150 omnes
993 2091 1120 2152 certum

24 2231 31 2250 ι
116 2204 150 2256 et
170 2210 285 2259 verum
306 2195 470 2270 statuunt,
495 2211 634 2275 quaero,
657 2189 820 2276 quomodo,
842 2209 885 2252 ex
902 2188 952 2250 his
973 2186 1120 2256 carmini-

110 2296 171 2366 bus
194 2291 327 2360 efficere
357 2297 478 2380 possis,
505 2295 606 2359 finisse
623 2296 810 2366 sacerdotes.
830 2293 905 2362 illos¹
931 2315 1044 2360 rerum
1065 2293 1120 2358 do·

109 2399 215 2462 minos
238 2412 435 2486 gentemque
456 2401 636 2481 infulatam,
658 2395 798 2486 quorum
819 2401 889 2480 alii,
922 2409 1119 2482 arrogares

115 2503 255 2562 Romani
283 2487 399 2565 cuncta
428 2502 560 2570 decreta
581 2503 769 2570 rescindere
790 2516 940 2591 possent,
974 2503 1048 2584 alii,
1083 2511 1121 2564 ut

115 2602 245 2672 Samuel
265 2603 341 2680 ille,
361 2621 456 2686 reges
478 2607 731 2686 constituerent,
752 2607 823 2686 alii,
844 2615 882 2668 ut
902 2605 996 2689 Magi,
1017 2608 1120 2669 scien-

115 2705 192 2766 tiam
224 2703 367 2776 siderum
399 2715 433 2769 et
464 2708 658 2778 vaticinandi
680 2717 786 2774 artem
806 2711 867 2774 sibi
897 2719 1121 2776 reservassent

113 2812 240 2904 aliaque
261 2831 397 2874 munera
416 2815 679 2900 praecepissent,
700 2818 768 2894 alii,
790 2828 827 2880 ut
847 2805 1034 2882 sacerdotes
1056 2818 1121 2878 Ae·
1175 2815 1176 2822 '

114 2919 242 3002 gyptii,
275 2941 388 3018 regern
410 2921 626 2986 observarent
648 2933 681 2988 et
702 2927 793 3018 quasi
815 2926 1034 3006 custodirent,
1065 2924 1121 2989 alii

113 3021 300 3082 Levitarunr
322 3042 414 3084 more
448 3024 628 3086 scribarum
656 3037 692 3088 et
722 3025 952 3092 historicorum
985 3039 1054 3106 aut,
1083 3032 1121 3092 ul

112 3121 275 3200 Druidae,
306 3125 506 3196 medicorum
528 3127 713 3200 murnerihus
736 3129 968 3214 fungerentur,
998 3128 1120 3192 morbis

112 3225 346 3307 mederentur,
378 3251 576 3314 praeconum
597 3233 707 3299 officia
737 3248 999 3320 exequerentur:
1041 3233 1122 3302 nibit

114 3327 202 3411 qnod
224 3338 406 3414 comparari
426 3357 499 3398 cunr
528 3337 577 3399 his
611 3335 731 3420 possit,
766 3339 907 3422 legitur3
940 3337 998 3402 sed
1025 3351 1120 3418 reges

114 3435 175 3516 ipsi
198 3455 287 3496 sacra
309 3437 452 3516 faciunt,
485 3461 558 3502 cum
590 3441 769 3510 senioribus
798 3439 838 3500 de
865 3441 969 3502 salute
989 3440 1121 3528 publica

115 3539 310 3616 consultant,
323 3540 443 3622 placita
462 3552 682 3627 exequuntur-3
706 3553 740 3602 et
750 3542 776 3602 si
788 3553 975 3624 portentum
990 3543 1122 3626 aliquod

116 3648 172 3702 aut
204 3642 330 3724 signum
362 3645 572 3725 ostendatur,
607 3647 667 3728 ipsi
698 3665 734 3706 sc
762 3645 915 3734 expedire
936 3645 1058 3727 sciunt3
1091 3648 1118 3709 si

113 3766 191 3806 vero
214 3748 334 3809 sciolus
359 3750 471 3834 aliquis
495 3749 627 3814 accedat
658 3763 691 3810 et
713 3749 881 3814 deterrere
911 3754 1016 3814 amine
1048 3763 1117 3814 stu·

115 3845 205 3922 (leat,
238 3869 392 3932 responsa
414 3853 493 3916 dant
515 3861 611 3940 quale
644 3857 791 3917 Hector:
836 3849 862 3936 ὁ)
908 3847 957 3929 εἷς
993 3853 1137 3931 οἰωνός’

107 3953 399 3972 ἱ--ῑ--ιι--ι-ι-

143 4008 167 4078 ⁶)
187 4011 219 4065 1¹·
237 4037 270 4090 μ,
290 4015 347 4079 ²43.
