2626 4768
641 408 881 490 ‚-1ao·-
999 427 1003 442 ¹

271 602 284 642 r
308 579 396 664 sqq.)
416 576 526 658 tradit,
546 585 580 641 et
596 579 726 660 Ulyrrea
740 597 859 663 equum
875 577 1019 662 ligneum
1038 595 1096 640 eoa
1108 577 1229 641 iueait
1248 601 1297 642 ae·

268 678 410 741 difluere.
451 678 689 762 Repugnahant
715 677 846 763 quidem
870 669 990 758 Ulysais
1020 679 1173 740 coneilio
1207 683 1297 741 Neo«

267 781 430 864 ptolemua
453 793 488 846 et
508 781 727 860 Philocteteo,
750 781 807 865 qui
827 780 942 870 utique
962 781 996 844 vi
1016 782 1196 863 agendum
1224 805 1297 846 esse

268 885 464 964 censebant,
481 868 554 948 'aad
576 888 689 968 Epeue
715 885 899 948 institutum
919 905 1002 965 opua
1023 883 1190 948 absolvit.
1240 890 1293 947 Mi·

238 991 241 998 '
266 1005 389 1048 nervae
411 985 545 1048 coneilio
566 1005 642 1046 uaoa
663 985 734 1048 e'aae
748 986 888 1047 Graecos
909 995 1098 1046 narraverat
1110 983 1291 1064 Lesehes3

268 1086 323 1148 alii
354 1085 395 1148 ad
419 1087 584 1162 Helenum
618 1094 789 1150 auctorem
827 1083 904 1170 equi
938 1073 1202 1148 fabricationem
1239 1109 1288 1148 re·

267 1192 391 1255 ferunt.
844 1253 850 1268 ‚

345 1293 440 1356 'Haec
474 1305 525 1356 eat
550 1292 696 1376 vulgaria
728 1291 889 1371 narratio,
910 1313 929 1352 a
958 1312 1022 1376 qua
1046 1293 1201 1355 multum
1235 1294 1284 1356 alr

267 1394 385 1460 horret
403 1397 533 1478 Dictys,
562 1397 618 1480 qui
637 1397 666 1457 ai
679 1411 828 1482 tunquam
850 1394 926 1457 alibi
945 1395 979 1456 in
1000 1395 1167 1460 narrando
1199 1401 1282 1458 Tro·

265 1500 317 1562 iae
337 1498 463 1562 excidio
484 1497 610 1561 fabulae
631 1499 750 1562 mirum
771 1511 805 1562 et
825 1499 981 1561 miserum
996 1499 1028 1560 in
1040 1497 1183 1562 modum
1208 1522 1281 1563 con·

265 1604 405 1688 glutinat
425 1615 523 1687 atque
545 1597 739 1668 commiscet.
776 1604 923 1687 Inprimis
944 1603 1000 1668 illc
1015 1604 1149 1668 Aeneae
1173 1617 1280 1693 atque

264 1709 439 1773 Antenoris
460 1711 548 1792 paoia
569 1709 675 1772 studia
696 1709 867 1789 describit,
900 1730 973 1773 oum
1002 1712 1051 1773 illi
1069 1721 1173 1794 pater
1196 1714 1280 1776 vati-

265 1812 374 1874 einana
403 1811 551 1872 futurum
573 1810 660 1871 urbia
683 1808 842 1872 excidium
862 1810 1076 1893 praedixiaaet
1104 1814 1181 1890 (lV,
1213 1817 1281 1896 18),

263 1909 318 1974 laic
339 1924 447 1974 autem
469 1912 610 1994 aprima
631 1912 794 1994 legatione
814 1912 952 1974 Menelai
974 1925 1008 1976 et
1026 1914 1148 1994 Ulyssie
1167 1916 1277 1978 Grae·

264 2016 309 2076 eia
330 2033 434 2099 usque
455 2012 574 2076 amicus
597 2013 690 2076 reddi
712 2014 867 2076 Helenam
893 2016 1047 2080 iussisset.
1072 2020 1120 2082 Hi
1156 2021 1275 2105 itaque

262 2118 447 2182 habuerunt
468 2121 656 2197 concilium,
688 2118 722 2179 in
743 2141 808 2203 quo
829 2121 958 2202 placet,
991 2130 1030 2184 ut
1049 2124 1204 2188 Antenor
1227 2130 1273 2190 le·

263 2231 358 2304 gatus
380 2221 420 2284 ad
442 2222 584 2284 Graecos
614 2221 655 2284 de
674 2241 756 2303 pace
777 2221 973 2286 mitteretur.
1014 2224 1045 2286 A
1067 2225 1187 2307 quihus
1213 2229 1271 2292 be-

261 2324 359 2405 nigne
379 2337 530 2405 acceptus
553 2324 649 2408 quale
670 2344 764 2385 suum
787 2343 917 2406 semper
938 2347 1016 2410 erga
1044 2347 1100 2390 eoa
1123 2329 1263 2391 studium

262 2427 367 2490 fuerit
385 2426 567 2510 praedicati,
602 2425 794 2498 affinitatem
816 2427 1033 2490 Troianorum
1066 2440 1100 2491 et
1122 2431 1257 2492 Graeco-

261 2551 335 2590 rum
356 2530 466 2591 multis
487 2530 584 2592 ctiam
605 2529 753 2610 exponit,
785 2530 931 2610 postulat
952 2529 1086 2609 deinde,
1106 2515 1145 2592 ut
1167 2533 1266 2614 elige·

223 2631 227 2640 ’
259 2648 337 2699 rent
357 2657 397 2698 ex
417 2637 510 2718 ipsis,
533 2655 607 2697 oum
629 2633 745 2719 quibua
767 2640 880 2716 ageret
901 2633 940 2695 de
961 2635 1050 2714 pecie
1072 2636 1264 2700 conditioni·

259 2739 333 2802 hua.
361 2737 471 2804 Eleoti
489 2738 599 2819 itaque
610 2738 839 2818 Agamemnon,
862 2734 1065 2814 idomeneus,
1085 2738 1264 2803 Diomedes

261 2847 298 2901 et
316 2837 463 2918 Ulyseee,
485 2833 559 2898 cum
580 2837 696 2921 quibus
717 2858 866 2900 seorsum
888 2837 928 2898 ab
949 2838 1019 2898 aliia
1041 2840 1265 2920 proditionem

261 2939 449 3022 componit3
479 2951 514 3001 et
534 2939 665 3000 Aeneae
693 2939 825 3023 quidem
846 2939 1050 3021 promittitur
1069 2963 1144 3024 para
1164 2965 1264 3026 prae.

261 3040 321 3104 dae
354 3053 388 3104 et
419 3040 550 3104 domum
579 3043 761 3106 universam
790 3043 859 3105 eiua
894 3045 1081 3110 incolumen
1107 3047 1262 3133 futuram,

258 3151 421 3214 Antenori
452 3163 561 3213 autem
594 3151 761 3214 dimidium
793 3151 955 3216 bonorum
988 3154 1107 3223 Priami
1141 3169 1173 3219 et
1208 3183 1260 3224 re-

258 3273 358 3335 gnum
374 3255 435 3317 uni
454 3253 596 3317 filiorum
623 3254 712 3336 eiua,
744 3274 842 3340 quem
873 3255 944 3338 ipae
966 3255 1154 3340 delegisset,
1181 3278 1259 3323 con·

259 3371 385 3416 eeasum
406 3376 459 3422 arr.
1130 3435 1131 3440 ἵ

342 3461 492 3522 Antenor
520 3479 672 3522 revertur
694 3455 735 3519 ad
765 3478 840 3521 auor
862 3455 961 3520 affert
988 3458 1086 3543 longe
1119 3461 1192 3539 alia,
1222 3464 1254 3526 in

259 3561 376 3650 quibua
414 3561 535 3626 donum
555 3551 720 3626 Minervae
748 3561 855 3644 parari
877 3583 895 3624 a
917 3563 1050 3624 Graecis
1078 3584 1193 3648 equum
1214 3568 1250 3629 li-

257 3684 392 3749 gneum,
424 3665 567 3728 Graecos
594 3673 730 3747 recepta
755 3664 883 3726 Helena
914 3676 949 3728 et
981 3686 1061 3729 auro
1091 3666 1246 3732 rediturae

258 3787 329 3830 esse
350 3769 384 3830 in
404 3767 553 3850 patriam.

334 3868 428 3932 Unde
449 3888 487 3931 ea
506 3867 649 3930 narratio
671 3868 711 3931 de
732 3863 863 3930 Aeneae
882 3869 1069 3954 proditione
1090 3869 1241 3951 originem

255 3971 404 4050 duxerit,
432 3973 495 4034 iam
525 3970 602 4033 olim
630 3970 810 4054 quaesitum
831 3980 884 4033 eat
903 3983 938 4035 et
956 3993 1043 4034 nune
1070 3972 1236 4053 quaeritur.

256 4075 361 4138 iliadis
388 4075 454 4139 loci
482 4073 523 4137 da
555 4076 619 4138 ira*
634 4072 703 4139 eiua
725 4070 831 4159 deque
850 4093 954 4158 regno
977 4076 1135 4160 Troiano,
1159 4075 1240 4158 quod
