2722 4776
484 413 687 478 -73..

86 591 221 663 quotus
242 579 346 659 addit,
380 595 413 644 et
434 582 570 645 amicitis
603 581 760 666 imprimis
781 581 932 646 Diomedi
953 583 1099 646 iunctum

83 685 198 748 fuisse
227 684 283 767 (ll,
305 694 341 763 n)
375 695 494 748 narrat.
535 687 640 749 Notus
669 695 721 748 est
747 687 805 748 ille
834 686 868 747 in
896 685 1015 748 fabulis'
1045 707 1100 752 ve·

82 804 214 869 terum,
236 791 378 873 cf.Hyg.
400 790 421 853 f.
443 788 502 872 673
522 803 585 871 713
605 789 698 855 Serv.
720 789 759 851 ad
780 791 862 853 Aen.
885 791 925 868 ll,
947 789 1017 853 αὸι.

167 879 305 954 ¹Omnes
335 911 392 952 eos
423 889 586 974 principes
609 893 752 956 Graecos
772 893 885 976 Dictys
913 914 953 956 ex
974 893 1099 976 origine
1195 959 1198 970 ,

15 1019 17 1026 “
80 999 229 1080 Pelopis
251 997 350 1059 fuisse
371 997 456 1078 ipsos
479 997 588 1082 itaque
609 997 696 1060 inter
716 1019 751 1060 se
780 997 940 1062 aff‘mitate
970 1003 1101 1064 coniun-

85 1107 164 1162 ctos
187 1119 294 1183 neque
315 1120 333 1160 a
353 1117 475 1182 genere
496 1100 712 1162 Troianorum
732 1101 853 1162 alienos
869 1101 969 1164 fuisse
991 1101 1100 1164 tradit.

34 1219 49 1252 .-
87 1198 134 1258 cf.
158 1200 183 1274 l,
209 1202 265 1277 143
287 1198 327 1276 V,
350 1215 378 1258 a.
399 1197 443 1262 iu.
464 1196 694 1280 Antiquorum'
712 1195 1025 1280 mythographorum
1055 1195 1097 1262 de

85 1301 184 1362 hisce
206 1297 303 1360 rebus
325 1297 432 1364 studia
463 1309 556 1364 notat
576 1297 766 1360 Eustathius
787 1298 828 1360 ad
860 1300 898 1362 ll.
921 1303 952 1382 β,
978 1306 1100 1388 4941),

15 1453 17 1457 -
87 1403 434 1490 212.ed.Lips.„rsl
463 1402 561 1468 τολλά
593 1405 642 1480 εἷς
661 1403 717 1469 τὸν
738 1406 807 1470 Διά
845 1405 983 1483 τούτους
1020 1405 1101 1473 dvri-

88 1505 335 1590 γουσινν(τούς
356 1503 470 1591 ἥρωας
492 1503 524 1582 οἱ
545 1503 709 1589 natator),
741 1505 1021 1589 ἑααγωνιζόμενοι
1042 1507 1101 1573 καὶ

88 1610 286 1692 συγγένειαν
309 1607 423 1683 αὐτοῖς
445 1607 618 1684 ἀποδεῖξαι
638 1605 720 1694 πρὸς
739 1606 816 1690 ταύς
829 1595 980 1690 βαάιλεῖς
996 1603 1098 1694 ἢγναν

86 1709 317 1794 Ἀγαμέμνονα
346 1711 404 1776 καί
434 1711 629 1788 Μενέλαον,
672 1707 892 1786 πλατύνοντες
934 1713 996 1794 μὲν
1039 1711 1097 1778 τὸν

15 1841 17 1872 ;
88 1811 239 1898 ἡρωϊκὸν
255 1812 466 1896 κατάλογον,
505 1811 638 1878 κάλλιον
668 1815 727 1876 τοῦ
744 1811 892 1900 Ὁμήρου
923 1817 1097 1890 ποιοῦντες

90 1917 189 1982 oridia
211 1915 280 1980 ἀλλ’
310 1912 332 2000 ἢ
352 1915 453 1996 μόνον
484 1914 658 1998 ὀνομάτων
687 1913 806 2000 uiridem
834 1920 972 2006 φορυτῷ
1000 1916 1097 2002 αἠδί-

15 2047 19 2080 μ
92 2022 205 2097 ζοντες
225 2009 614 2099 τοτ“νξ·ε’ντυγχαὶνοντας.ιι
653 2021 704 2080 Ex
732 2017 780 2079 his
808 2018 907 2101 igitur
937 2019 1097 2081 seriorum

15 2185 16 2188 ,
92 2133 265 2182 anctorum
296 2120 484 2182 commentis
517 2121 596 2182 tales
617 2122 827 2204 genealogiae
855 2121 1096 2202 conglutinatae

15 2261 16 2272 τ
93 2231 179 2301 sunt,
203 2241 352 2306 quaeque
373 2221 411 2281 iis
433 2219 513 2282 fides
535 2220 681 2284 habenda
694 2222 736 2284 sit
756 2230 903 2304 apparet.
944 2221 989 2282 Hi
1011 2221 1095 2284 enim

90 2331 184 2399 sunt,
216 2322 273 2405 qui
292 2319 417 2384 fabulas
440 2322 656 2406 antiquitatis,
678 2323 755 2385 dum
776 2327 975 2408 coniungere
995 2332 1030 2386 et
1056 2323 1096 2385 il·

91 2427 232 2486 lustrare
254 2443 308 2486 eas
329 2422 521 2503 studebant,
554 2423 791 2506 depravabant,
824 2425 926 2487 uti-in
944 2423 1004 2486 hac
1024 2425 1095 2508 ipsa

93 2547 129 2587 re
151 2527 209 2587 tali
229 2525 356 2608 generis
379 2526 608 2588 coniunctione
629 2525 664 2588 id
698 2526 760 2588 sihi
787 2525 915 2609 assequi
940 2523 1094 2587 videban-

94 2639 158 2707 tur,
178 2641 215 2689 ut
235 2628 394 2691 rationem
414 2627 574 2712 quandam
593 2627 762 2708 afferrent,
785 2647 848 2714 qua
870 2628 1024 2691 commoti
1044 2637 1095 2690 tot

15 2761 20 2794 ι
93 2731 211 2796 Graeci
230 2733 396 2815 principes
417 2732 450 2793 id
469 2731 595 2794 bellum
615 2730 772 2798 iniissent.
801 2733 1002 2816 Principium
1023 2731 1092 2794 eius

15 2861 19 2898 r
90 2836 139 2896 rei
159 2837 222 2897 iam
255 2836 289 2896 in
317 2847 447 2900 vetusta
474 2835 686 2917 inscriptione
714 2835 801 2920 apud
821 2837 1011 2898 Panaciam
1034 2837 1091 2918 (V,

93 2943 139 3020 αθ,
159 2939 193 3021 8)
213 2939 396 3017 invenitur,
429 2939 486 3022 qui
507 2959 620 3002 versus
642 2943 735 3022 operi
756 2941 899 3021 cuidam,
926 2941 1014 3024 quod
1034 2941 1091 3006 he-

15 3075 24 3106 ι·
92 3064 164 3106 roes
184 3045 250 3122 illi,
278 3043 334 3125 qui
355 3056 470 3122 contra
490 3045 670 3106 Hectorem
691 3041 903 3106 fortissimum
924 3066 1089 3130 quemque

95 3149 134 3210 ad
166 3150 325 3234 singulare
361 3164 527 3216 certamen
564 3165 797 3234 provocantem
841 3172 975 3234 surgere
1020 3153 1088 3215 ensi

15 3281 19 3312 s
93 3266 190 3331 erant,
212 3256 245 3315 in
267 3257 389 3338 templo
412 3257 498 3318 Iovis
520 3255 669 3324 statuisse
691 3241 1086 3335 dicebantur,'inscriptos

15 3393 22 3420 2
58 3363 62 3374 '
92 3357 200 3420 affert:
233 3360 313 3443 „qu
333 3358 444 3422 Ati's'
463 3357 596 3439 Ἀχαιοὶ
615 3358 787 3443 ἀγάλματα
808 3356 900 3422 ταῦτ’
921 3355 1088 3440 ἀνέθηκαν

15 3493 17 3526 ;
93 3459 215 3542 ἔγγονοι
242 3459 398 3526 α’ντιθὲου
430 3461 617 3525 Τανταλίδα
637 3462 820 3535 Πέλοαος.“
861 3461 945 3522 Sunt
978 3473 1088 3524 autem

15 3605 19 3616 ·
92 3566 261 3643 Menelaus,
284 3569 520 3648 Agamemnon,
543 3567 622 3627 Aiax
649 3575 808 3649 uterque,
836 3565 1028 3630 Idomeneus
1051 3579 1084 3630 et

15 3725 16 3732 ,
91 3670 265 3744 Meriones,
284 3668 471 3751 Eurypilus,
494 3667 611 3746 Thoas,
632 3669 773 3748 Ulysses.
818 3671 984 3732 Damastes
1004 3689 1086 3733 vero

95 3769 224 3850 Sigensis
246 3767 287 3831 de
309 3764 496 3850 parentibus
519 3788 647 3848 eorum,
668 3769 725 3852 qui
745 3770 779 3834 in
798 3769 858 3830 hac
879 3769 1086 3853 expeditione

95 3871 325 3949 interfuissent,
355 3879 460 3932 totum
488 3868 608 3930 librum
639 3870 892 3954 conscripserat:
930 3872 971 3932 c'f.
994 3871 1084 3934 Suid.

94 3991 117 4033 s.
136 3991 165 4035 v.
185 3967 382 4051 Δαμαστὴς.
425 3969 519 4031 Clara
544 3967 676 4052 quidem
696 3983 767 4035 erat
786 3992 849 4054 per
879 3992 1008 4034 omnem
1029 3993 1084 4034 an-

93 4073 268 4160 tiquitatem
288 4073 423 4155 Pelopis
445 4074 616 4150 memoria,
650 4073 739 4156 quod
765 4074 921 4159 imprimis
943 4095 962 4137 e
982 4077 1084 4144 nomi·
