2626 4768
691 385 915 452 -170-

293 543 368 610 dam
388 545 558 628 'nomimts
588 549 737 634 'quamvis
767 547 967 632 Lycophrou
1002 549 1076 635 ipse
1107 565 1205 638 etam
1243 571 1283 620 cu

292 641 468 709 Calchante
503 657 538 710 at
558 645 715 712 Sthenelo
738 647 928 732 Colophone
957 647 1076 716 obiisse
1097 663 1248 734 narrat,
1273 675 1283 722 t

290 743 403 810 Schol.
424 745 467 811 ad
487 747 551 816 Od.
573 771 601 826 a,
623 750 693 836 ato,
715 759 749 812 et
769 750 862 818 Serv.
884 749 926 814 ad
945 752 1026 820 Aen.
1048 754 1104 834 ΙΙΙ,
1127 761 1220 838 401,
1244 778 1283 822 oo]

289 843 413 910 sedisse
434 869 508 912 eum
529 847 616 932 apud
637 849 825 934 Apollinem
845 851 995 916 Clarium.
1039 854 1195 918 Causam
1221 858 1283 922 alia

291 968 350 1011 cur
370 947 493 1012 eiectus
515 969 534 1014 e
555 951 660 1036 patria
683 962 786 1033 esset,
814 951 900 1016 idem
922 953 1054 1019 Servius
1076 956 1116 1019 ad
1143 962 1243 1024 Aen.
1264 961 1283 1032 ll

290 1072 364 1132 πως
380 1049 448 1132 Ἤ,
477 1052 537 1125 abts
570 1053 686 1134 tradit,
726 1053 934 1126 Idomeneum
965 1075 1039 1120 eum
1065 1073 1283 1124 reverteret

288 1161 484 1237 tempestate
505 1153 664 1228 aissictum
684 1155 743 1220 diis
763 1157 902 1236 vovisse,
928 1176 963 1218 se
984 1157 1015 1224 id
1039 1159 1136 1243 quod
1161 1163 1238 1226 sibi
1257 1185 1283 1230 sa

218 1301 221 1306 -
288 1278 332 1326 vo
354 1257 387 1318 in
409 1265 532 1322 terram
553 1278 684 1342 egresso
705 1256 846 1342 primum
869 1256 996 1322 obviam
1016 1260 1173 1342 venerit,
1200 1263 1283 1324 imm

286 1359 431 1435 laturum
454 1379 536 1440 esse,
558 1359 713 1423 accidisse
735 1369 862 1440 autem,
897 1365 935 1420 ut
955 1356 1041 1422 tilius
1061 1362 1157 1443 patri
1185 1366 1283 1445 prinu

287 1471 490 1542 occurreret,
512 1482 609 1546 quem
631 1481 705 1526 cum
724 1462 794 1526 sive
815 1461 1014 1526 immolasset
1033 1463 1103 1525 sive
1126 1464 1283 1530 immolar

285 1565 462 1644 voluisset,
492 1573 565 1628 orta
585 1573 701 1650 postea
721 1565 908 1647 pestilentia
929 1564 1059 1647 pulsum
1081 1587 1167 1630 eum
1193 1570 1235 1630 in
1255 1569 1283 1626 lt

221 1644 225 1663 ’
286 1669 362 1731 liam
385 1670 575 1752 emigrasse,
605 1667 821 1730 Sallentinum
843 1667 1010 1732 Calabriae
1031 1673 1283 1750 promontoria

286 1765 441 1852 sentisse,
460 1772 548 1834 iuxta
571 1770 660 1854 quod
682 1771 847 1834 civitatem
869 1769 1077 1834 condidisset.
1123 1771 1186 1836 De
1210 1773 1283 1858 pes*

285 1883 388 1948 lentie
418 1881 475 1944 illa
514 1880 680 1966 antiquam
713 1877 831 1942 famam
865 1879 966 1962 tangit
997 1878 1204 1944 Herodotus
1241 1886 1272 1948 V

290 2007 357 2070 ⁸7⁰¹
391 2003 488 2070 quam
516 2003 589 2048 rem
619 1980 757 2045 innuere
777 1978 909 2045 videtur
935 1981 1103 2042 immutata
1126 1985 1240 2066 paulo
1260 2003 1283 2044 ra

284 2092 375 2153 tione
396 2089 519 2172 Dictys,
542 2084 597 2170 qui
618 2084 740 2168 ingenti
760 2082 977 2146 multitudine·
991 2082 1206 2150 locustarum
1229 2087 1283 2148 Cra

287 2206 354 2259 tam
377 2191 577 2260 devastatam
600 2210 670 2254 essa
690 2197 801 2257 narrat
822 2198 981 2271 regnante
1002 2189 1201 2258 Idomeneo.
1234 2191 1283 2252 Ali

284 2297 445 2360 seditione
466 2294 598 2378 pulsum
620 2313 726 2356 eume
747 2291 851 2377 patria
872 2290 962 2354 bello
975 2287 1199 2376 Magnerisium
1219 2315 1283 2356 rum

284 2403 400 2486 grandi
417 2402 528 2466 'manu
557 2400 599 2464 ad
630 2419 742 2484 regem
773 2397 933 2463 Clinicum
959 2396 1087 2463 'renisse
1123 2400 1279 2466 dicuntia

284 2510 466 2590 Illyricum,
498 2507 585 2572 unde
606 2519 740 2590 accepta
761 2525 858 2567 manu
879 2524 953 2568 oum
973 2507 1202 2577 Locrensibus
1228 2511 1283 2595 ples

283 2613 395 2696 sisque
424 2612 457 2674 in
477 2610 559 2674 mari
588 2610 781 2674 coniunctus
808 2605 947 2668 amicitia
974 2608 1205 2690 persimilem
1228 2635 1283 2674 cau

248 2751 253 2756 -
284 2734 353 2776 sam
382 2713 510 2776 sociatis
530 2714 655 2774 Locros
689 2709 871 2793 appulisset¹
887 2707 998 2792 ibique
1022 2709 1153 2794 aliquot
1175 2714 1283 2798 oppida

284 2813 503 2896 possedisset,
529 2811 564 2874 in
590 2810 705 2896 quihus
737 2810 830 2889 Uria,
860 2831 878 2874 e
907 2810 1057 2877 Varrone
1084 2813 1226 2878 Probus
1262 2835 1283 2877 at

282 2918 379 3000 Virg.
405 2919 488 2978 Buc.
521 2913 623 2982 ner.
645 2937 679 2998 p.
700 2914 772 2978 352.
802 2911 843 2980 cf.
864 2914 972 2979 strab.
992 2916 1053 2996 vt,
1077 2937 1111 3000 p.
1134 2918 1229 3005 43⁰3
1261 2925 1283 2996 ΙΙ

280 3022 352 3104 735.
374 3022 414 3086 A.
435 3019 592 3086 Niebuhr.
613 3018 689 3086 hist.
709 3022 750 3087 R.
771 3021 796 3100 l,
818 3041 851 3102 p.
875 3018 932 3084 166
952 3034 1020 3084 not.
1033 3019 1105 3093 448.
1149 3029 1283 3112 Regres

281 3146 353 3195 sum
375 3145 449 3196 eum
472 3147 511 3188 ex
538 3124 629 3186 ltalia
664 3124 699 3186 in
720 3124 795 3188 Asia
818 3122 996 3187 decessisse
1024 3125 1131 3190 refert
1155 3131 1283 3200 Servius

281 3228 321 3302 ad
348 3229 431 3292 Aen.
460 3229 514 3309 Ill,
541 3232 623 3311 lton,
655 3229 773 3290 Cretae
803 3241 969 3296 mortuum
998 3232 1068 3292 esse
1096 3250 1283 3316 regnantes

280 3333 393 3416 Dictys
417 3334 474 3413 Vl,
496 3331 517 3396 6
535 3341 657 3396 narrat.
843 3315 863 3408 ⁷,

362 3439 413 3502 Ab
432 3444 734 3524 Agamemnone
755 3452 929 3526 antequam
949 3441 983 3505 in
1001 3444 1142 3528 patriam
1165 3447 1283 3510 rediret

281 3543 465 3625 complures
486 3545 632 3610 civitates
655 3545 801 3609 conditas
830 3567 902 3612 esse
923 3554 1121 3617 memorant3
1157 3549 1283 3612 Cretan

280 3665 355 3708 aum
378 3655 573 3730 tempestate
595 3647 767 3730 appulsum
788 3667 877 3728 esse,
909 3647 965 3712 ubi
985 3649 1071 3710 inter
1092 3650 1283 3716 sacrificium

278 3755 399 3837 captivi
420 3774 501 3837 quos
514 3772 632 3834 ,secum
664 3751 823 3833 ducebat,
853 3774 953 3818 naves
982 3754 1219 3836 incendissent,
1253 3771 1281 3820 ut

278 3843 341 3918 una
357 3863 505 3932 tantum,
537 3875 600 3938 qua
629 3854 699 3936 ipse
721 3853 754 3916 in
775 3855 914 3938 patriam
935 3855 1048 3936 rediit,
1082 3870 1280 3934 servaretur,

238 3986 242 3998 ·
275 3967 388 4020 narrat
418 3957 531 4022 Suidas
564 3981 589 4024 s.
612 3979 641 4023 v.
662 3961 798 4044 Κρῆτες
826 3957 886 4043 τὴν
909 3957 1054 4040 evalem
1084 3963 1278 4044 Pergamum

276 4062 426 4148 itaquae
449 4063 596 4126 Troianis
629 4063 686 4150 qui
705 4086 727 4128 e
753 4065 858 4130 elassa
879 4064 1127 4148 Agamemnonis
1152 4067 1278 4134 exeun
