2626 4768
630 421 852 487 ..102-

243 595 336 658 bulas
357 591 547 673 ediderunt3
579 591 621 656 ci'.
643 592 715 657 Til).
737 594 862 656 Hemst.
892 592 933 654 ad
952 595 1034 656 Luc.
1053 593 1143 674 Nigr.
1166 601 1258 653 extr.

245 710 280 762 et
301 698 477 781 scriptores
497 695 538 758 ab
559 715 600 759 eo
620 695 777 775 laudatos,
799 699 929 759 Aeaeae.
942 696 1071 777 adUlp.
1091 717 1125 779 p.
1151 694 1257 776 1167,-

245 799 355 865 Schol.
376 795 516 861 Theocr.
541 801 588 875 14,
619 797 668 860 25.
709 797 797 860 Plut.
825 795 907 881 napi
934 797 995 859 τοῦ
1018 793 1151 859 ἀκούειν
1176 815 1259 878 pag.

244 910 295 988 47.
338 905 483 988 Hyginus
515 903 578 964 fab.
609 923 661 969 ror
687 923 705 966 e
727 902 893 986 tragoedia
925 904 983 966 tali
1002 904 1119 983 tradit,
1151 906 1259 966 Tele-

184 1081 189 1088 ,
245 1007 349 1092 phum
382 1007 537 1072 Orestem
569 1029 588 1070 e
622 1009 731 1071 cuneis
764 1010 909 1092 rapuisse
938 1020 972 1071 et
997 1023 1033 1070 se
1061 1028 1133 1070 eum
1163 1008 1258 1070 ocei-

245 1133 359 1174 surum
379 1111 536 1174 minatum
558 1131 638 1192 esse,
659 1113 720 1174 nisi
740 1113 801 1174 sibi
822 1112 973 1174 auxilium
994 1111 1155 1174 ferretur:
1185 1115 1258 1173 Re·

245 1213 408 1276 cautiores
430 1211 544 1274 eadem
564 1210 656 1274 hasta
688 1233 753 1296 qua
773 1209 931 1274 inflictum
963 1225 1034 1276 erat
1060 1215 1179 1276 vulnus
1203 1233 1258 1274 sa·

244 1328 357 1378 uatum
379 1335 511 1401 quoque
531 1327 682 1394 narrant,
704 1313 988 1393 Ovid.t1et.x11,
1012 1331 1086 1397 ¹¹23
1111 1315 1257 1380 Remed.
1308 1317 1309 1344 l

245 1423 364 1501 Am.,l,
385 1427 425 1506 47
434 1444 444 1501 3
465 1423 537 1488 Am,
559 1423 598 1501 ll,
619 1442 650 1505 9,
670 1437 708 1504 73
730 1421 820 1482 Triat
838 1423 880 1500 V,
901 1441 930 1503 a,
955 1422 1008 1497 153
1028 1426 1092 1505 Ep.
1112 1444 1131 1484 e
1151 1425 1256 1484 Pont.
1307 1357 1309 1466 I

247 1527 285 1604 ll,
308 1545 336 1604 a,
358 1524 377 1587 6
385 1546 395 1606 3
416 1526 517 1605 Prop.
540 1525 579 1604 ll,
605 1548 631 1598 1,
652 1523 701 1588 65.
722 1525 837 1590 Horat.
857 1524 963 1610 Epod.
984 1527 1089 1602 XVll,
1112 1527 1144 1591 5.
1171 1527 1255 1609 Epi-

245 1638 423 1716 grammata
454 1631 557 1692 multa
589 1630 623 1690 in
653 1627 736 1691 hanc
774 1650 845 1692 rem
886 1642 996 1693 extare
1027 1632 1091 1692 iem
1123 1629 1256 1690 monuit

246 1735 461 1804 Vallseuarius
482 1735 588 1797 Diatr.
622 1733 656 1795 in
687 1735 766 1795 Eur.
800 1744 841 1796 tr.
863 1735 922 1795 rel.
943 1753 1015 1818 pag.
1045 1734 1113 1796 218.
1156 1733 1253 1814 Pingi

246 1835 410 1900 Achillem
442 1833 549 1916 gladio
579 1853 598 1895 e
629 1833 764 1917 cuspide
789 1834 900 1896 hastae
925 1834 1111 1918 aeruginem
1131 1834 1166 1894 in
1190 1837 1252 1894 Te-

246 1933 336 2018 lephi
357 1932 475 1996 vulnus
499 1931 717 1995 decutientem
737 1933 859 2016 legitur
878 1953 929 2015 ap.
941 1935 1027 1995 Plin.
1038 1936 1081 1995 H.
1093 1935 1132 1994 N.
1145 1935 1252 2013 XXV,

250 2057 287 2122 ¹9
294 2058 304 2116 3
325 2035 475 2116 XXXIV,
495 2035 555 2118 453
576 2057 758 2122 quanquam
781 2036 834 2098 alii
855 2035 1045 2098 medicinam
1065 2034 1105 2098 ab
1120 2035 1252 2099 Achille

246 2140 411 2202 iuventam
439 2155 510 2199 esse
539 2136 695 2200 dixerant.
737 2139 803 2200 Pro
829 2138 975 2222 praemio
1005 2158 1107 2222 equos
1129 2137 1256 2200 Achilli

248 2236 438 2318 aTelepho
471 2236 607 2298 donatos
644 2256 716 2299 esse
746 2251 905 2302 memorat
926 2239 1066 2334 Quintus
1093 2240 1160 2305 Sm.
1193 2239 1249 2314 IV,

252 2342 381 2422 174-
402 2340 492 2399 Duas
519 2336 644 2398 {abulae
665 2325 777 2421 Dictys
804 2338 1012 2418 commiscet,
1037 2339 1168 2423 Scythae
1186 2339 1242 2399 du·
1311 2382 1312 2408 ,

248 2445 332 2504 xisse
354 2443 497 2504 Graecos
519 2439 553 2502 in
573 2441 723 2520 Troiam,
757 2440 843 2502 unde
865 2464 903 2505 eo
926 2442 967 2504 ad
988 2445 1132 2506 Graecos
1151 2442 1240 2504 Tele·

246 2545 348 2632 phum
368 2545 506 2623 venisse,
528 2558 566 2609 ut
585 2546 723 2606 salutem
744 2556 931 2632 quaereret,
954 2546 1054 2608 tradit
1074 2546 1248 2608 Philostra-

249 2661 301 2714 tus
323 2654 403 2715 Her.
423 2673 457 2733 p.
478 2649 558 2731 6633
594 2660 629 2712 et
660 2651 740 2713 item
760 2650 943 2732 Telephum
976 2650 1090 2714 ducem
1111 2654 1148 2714 iis
1172 2657 1252 2716 exti-

247 2757 325 2818 tisse
348 2753 453 2818 refert
482 2756 522 2834 ll,
548 2777 593 2820 ro.
633 2754 808 2816 Homerica
834 2755 973 2815 earmina
994 2753 1177 2816 Calchantis
1198 2777 1249 2818 va-

246 2855 366 2920 ticiniis
393 2857 534 2917 Graecos
568 2855 657 2922 viam
689 2855 849 2920 invenisse
889 2855 1020 2918 tradere
1047 2869 1162 2919 notum
1193 2869 1256 2938 est,

247 2963 387 3023 Tzetzes
410 2967 519 3019 autem
540 2955 579 3018 ad
600 2958 739 3040 Lye.57
772 2957 812 3020 ah
833 2955 971 3020 Oenone
1003 2979 1106 3020 uxore
1125 2959 1256 3022 Paridis

244 3070 321 3136 ante
353 3068 481 3141 raptam
508 3056 682 3135 Helenam,
712 3053 815 3118 fillum
846 3055 1024 3138 Corythum
1055 3059 1176 3121 Aulida
1214 3063 1259 3124 ad

247 3164 392 3226 Graecos
413 3161 544 3221 missum
568 3177 637 3221 esse
658 3167 784 3237 narrat,
812 3170 851 3220 ut
871 3177 926 3220 eos
949 3158 1080 3221 Troiam
1101 3159 1257 3230 duceret.

328 3261 438 3323 Multis
468 3260 579 3342 itaque
606 3259 704 3320 sacris
734 3255 828 3320 factis
859 3256 1053 3340 navigabant
1081 3269 1117 3320 ut
1136 3261 1256 3343 Dictys

246 3370 292 3431 ait
323 3375 417 3431 reato
450 3368 567 3429 itinere
598 3366 631 3426 in
663 3377 784 3426 terrem
806 3363 1041 3443 Troianorum,
1071 3367 1259 3431 secuudum

246 3471 366 3554 Cypria
386 3473 527 3531 carmina
547 3483 656 3532 tamen
677 3478 752 3530 ante
771 3467 1170 3551 Tenedum'appellebant,
1193 3472 1257 3534 ibi·

248 3595 313 3661 que
334 3594 409 3637 eum
429 3575 507 3636 laeti
528 3574 713 3639 convivium
741 3586 893 3656 agerent,
920 3559 1120 3636 Philoctetes
1142 3597 1160 3637 a
1183 3598 1258 3639 ser-

244 3693 347 3774 pente
369 3705 495 3746 morsus
518 3695 584 3760 est,
598 3695 632 3744 et
653 3671 819 3757 Achilles,
839 3682 926 3765 quod
946 3692 1133 3766 postremus
1155 3684 1198 3746 ad
1219 3687 1258 3748 id

247 3787 431 3856 eonviyium
448 3785 602 3848 invitatus
616 3795 711 3863 esset,
731 3785 897 3848 rixabatur
910 3805 983 3848 enm
997 3786 1258 3870 Agamemnone,

191 3901 195 3909 “
245 3889 323 3954 iude
345 3910 476 3975 quoque
508 3887 608 3976 legati
628 3889 761 3956 Troiam
787 3887 829 3954 ad
857 3888 1069 3976 repetendam
1088 3889 1256 3956 Helenam

247 3991 336 4056 misal
354 4003 440 4057 sunt.
