2626 4768
428 451 650 515 -115-

28 627 151 698 runnt,
179 630 216 680 nt
237 617 347 680 subito
368 618 493 701 impetn
514 615 628 682 hostes
646 638 681 681 se
702 621 792 703 ipsos
815 622 1042 706 impugnantes

31 723 271 806 opprimerent,
294 720 437 783 Hectore
459 721 627 798 Troianos,
649 722 755 784 socios
772 723 964 814 Sarpedone
986 721 1044 784 du·

31 835 150 905 cente3
183 821 246 884 hcc
272 821 313 884 de
335 821 470 884 ducibus
493 843 682 905 expressum
704 832 815 888 estex
838 823 946 888 iliadis
964 817 1044 893 loco

28 951 68 1008 μ,
91 945 161 1010 noo.
204 927 408 988 Graecorum
429 925 513 988 acies
536 927 581 986 ita
606 926 765 989 instructa
796 937 882 1007 erat,
906 938 944 992 ut
966 928 1044 990 dex·

29 1044 124 1092 trum
144 1049 247 1091 cornu
267 1026 432 1105 Achilles,
465 1027 604 1090 alterum
624 1027 704 1090 Aiax
727 1029 934 1092 Telamonius
968 1047 1045 1092 cum

32 1127 214 1205 Diomede,
249 1127 390 1191 medium
417 1129 497 1190 Aiax
519 1126 634 1191 Oileus
667 1141 700 1191 et
732 1128 925 1194 Idomeneus
952 1141 1045 1193 tene·

35 1237 121 1295 rent.
163 1221 276 1312 Pugna
297 1209 414 1292 deinde
436 1229 561 1292 incerta
580 1229 718 1294 victoria
741 1231 909 1294 commissa
930 1242 992 1296 est.

119 1329 213 1395 Ordo
244 1334 437 1396 narrationis
470 1353 567 1418 qnam
592 1334 691 1419 longe
720 1333 760 1394 ab
788 1334 966 1398 Homerico
998 1331 1045 1394 di-

34 1456 153 1500 versus
183 1438 240 1516 sit,
279 1451 433 1521 apparet,
468 1439 513 1500 sic
548 1437 663 1522 aliquis
704 1435 875 1516 narrabat,
911 1437 968 1521 qui
1008 1449 1046 1500 ut

37 1541 204 1605 Achillem
234 1543 427 1622 extolleret,
461 1561 536 1605 eum
570 1561 682 1626 regem
702 1543 950 1625 Agamemnonis
970 1540 1045 1606 loco

37 1641 82 1704 ob
102 1640 247 1704 studium
266 1663 328 1726 pro
349 1633 671 1706 salnte'Graeoorum
693 1640 886 1723 (respifl'ens
906 1638 1047 1704 fortasse

37 1740 80 1802 ad
101 1741 139 1808 11.
160 1766 183 1820 ι,
204 1743 280 1824 aas)
315 1748 350 1802 et
375 1743 531 1806 virtutem
564 1741 712 1804 eximiam
735 1740 790 1804 'ab
817 1745 964 1804 exercitu
992 1753 1048 1804 ant

38 1851 187 1907 creatum
208 1865 280 1907 esse
301 1853 357 1906 ant
376 1845 475 1906 fnisse
497 1844 531 1906 in
553 1865 592 1908 eo
617 1855 653 1906 nt
674 1857 854 1925 crearetur,
889 1843 1048 1908 madebat.

38 1952 187 2013 Noverat
208 1971 282 2012 eum
304 1949 400 2012 finem
422 1951 614 2013 narrationis
636 1951 759 2031 Dictys,
780 1950 836 2014 vid
859 1953 896 2031 ll,
919 1951 969 2031 33,
991 1949 1050 2014 sed

43 2053 267 2133 Agamemnon
287 2053 321 2114 id
341 2053 462 2115 instans
483 2055 602 2115 malum
625 2062 663 2115 ut
683 2051 826 2116 evitaret
846 2055 1049 2138 Astynomen

44 2159 130 2241 patri
172 2159 328 2239 reddidit,
377 2159 498 2224 Achilli
531 2168 639 2224 tamen
676 2169 771 2222 antea
799 2159 1050 2246 Hippodamiam

46 2263 181 2346 eripuit,
212 2265 406 2328 connivente
428 2263 472 2324 ob
494 2283 637 2354 amorpm
661 2275 694 2324 et
715 2283 827 2326 curam
859 2283 936 2348 erga
958 2284 1050 2329 exer·

43 2367 142 2430 citum
162 2368 292 2433 iurene.
333 2367 400 2430 Sed
427 2367 543 2430 deinde
565 2365 708 2430 Achilles
736 2369 804 2431 eius
830 2366 966 2432 iniuriae
991 2369 1050 2432 im-

44 2477 168 2559 patiens
188 2477 235 2539 ita
255 2473 328 2555 fuit,
347 2483 385 2536 nt
406 2470 544 2556 pristino
565 2474 598 2534 in
618 2473 760 2535 Graecos
782 2493 893 2537 amore
913 2493 1050 2536 excusso

47 2581 242 2650 irasceretur
261 2575 309 2655 iis,
332 2575 420 2636 omni
442 2573 578 2635 consilio
601 2580 635 2633 et
655 2573 791 2654 negotio
813 2570 993 2636 abstineret
1017 2584 1051 2638 et

49 2680 148 2743 duces
175 2690 274 2762 atque
296 2679 415 2740 amicos
436 2675 525 2738 aditu
548 2674 587 2737 ad
609 2695 644 2739 se
671 2672 876 2758 prohiberet.
916 2675 1051 2739 'l'zetaes

46 2787 141 2848 flom.
162 2784 206 2846 in.
227 2785 394 2866 lugentem
416 2781 458 2843 ob
486 2799 599 2842 necem
620 2775 803 2840 Palamedis
823 2773 994 2860 Achillem,
1014 2789 1052 2843 nt

46 2884 263 2970 Hippodamia
284 2880 539 2945 abstraheretur.
562 2877 761 2941 concessisse
784 2879 837 2968 ait.
942 2893 945 2899 ·

126 2993 257 3052 Interea
278 2988 397 3050 'l’roiae
420 2983 583 3048 exercitus
614 2983 779 3047 sociorum
806 2993 841 3046 et
862 2984 975 3067 copiae
996 3003 1049 3046 an·

48 3093 173 3156 niliares
194 3091 326 3154 domum
346 3085 455 3150 redire
477 3087 643 3170 parabant,
665 3086 754 3172 quod
775 3083 831 3148 nbi
852 3084 1052 3149 animadver-

47 3194 87 3257 tit
108 3191 251 3271 Hector,
287 3201 419 3253 cunctos
452 3191 487 3250 in
518 3207 659 3272 pugnam
692 3183 812 3254 eduxit.
853 3185 920 3248 Hos
943 3197 1053 3248 antem

48 3299 159 3382 Dictys
182 3298 223 3374 ll,
244 3295 286 3362 35
307 3305 485 3356 enumerat.
528 3290 710 3368 Pandarus,
741 3289 779 3349 ll.
802 3291 838 3369 β,
858 3287 941 3370 8253
974 3281 1053 3368 liip-

49 3401 190 3482 pothous
202 3397 293 3481 Pylei
311 3397 407 3474 lilius,
427 3395 460 3456 in
476 3412 541 3480 quo
553 3406 652 3472 errat,
671 3412 744 3454 narn
765 3389 851 3452 lilius
873 3401 943 3453 erat
954 3385 1053 3452 Lethi

50 3499 303 3569 Teuthamida03
323 3498 360 3561 ΙΙ.
383 3497 414 3578 β,
435 3499 507 3568 340.
546 3493 747 3578 Euphemins
768 3493 968 3556 Troezenius
975 3510 985 3564 3
1007 3487 1053 3552 sie

49 3627 136 3672 nnnc
157 3606 287 3690 quidem
316 3602 452 3686 legitur,
481 3598 540 3664 sed
565 3595 739 3683 legendnm
765 3597 896 3662 videtur
921 3601 1054 3662 Troe·

51 3711 166 3788 aeni,
193 3705 365 3770 subandito
387 3703 490 3783 lilins3
514 3705 555 3766 ci.
578 3704 616 3766 ll.
637 3706 669 3784 β,
690 3705 763 3773 346.
784 3707 918 3765 Acamas
945 3713 979 3765 et
1000 3701 1055 3761 Pi·

52 3831 117 3892 rus,
139 3810 293 3888 Thraces,
316 3809 352 3870 ll.
368 3812 399 3888 β,
420 3805 497 3878 3445
519 3803 577 3868 sed
598 3813 731 3888 praeter
752 3819 808 3866 eos
823 3801 876 3863 alii
890 3799 1053 3864 Thracum

54 3915 152 3978 duces
173 3921 412 3988 memorantur,
445 3907 624 3993 lphidamas
646 3901 818 3969 Antenoris
841 3902 943 3983 lilius,
966 3903 1004 3966 ll.
1024 3909 1053 3984 l,

55 4037 130 4098 ’.ηις
164 4017 206 4079 de
226 4015 336 4078 Rheso
357 4013 442 4078 infra
464 4023 597 4096 agetnr3
628 4011 851 4094 Pylaemenes,
873 4008 909 4074 ll.
931 4009 962 4088 β,
981 4009 1054 4086 85ι,

56 4121 94 4184 de
116 4145 156 4188 eo
176 4122 317 4184 multum
345 4120 509 4204 disputant
539 4119 748 4251 ἰῐιῐοηπθῑεέι
760 4111 800 4174 ad
820 4111 857 4174 ll.
880 4133 906 4194 s,
927 4111 1003 4186 5663
1026 4137 1054 4180 r.
