2722 4776
519 358 640 424 ...23
682 389 722 402 ...

123 530 249 592 mnonis
272 527 352 592 crisi
371 524 550 588 Phocensis
571 541 707 586 uxorem
728 523 828 587 fuisse
848 535 1019 605 memorat,
1039 521 1124 586 undo

123 631 293 715 Strophius
314 641 428 708 nutus,
450 648 469 690 e
490 650 555 712 quo
576 627 734 709 Pylades3
764 627 858 688 aliam
880 623 996 689 deinde
1016 647 1125 688 narra·

122 735 245 797 tionem
271 731 447 815 Euripides
480 728 549 812 lph.
572 734 612 794 Τ.
640 728 701 794 886
729 728 789 806 (cf.
811 729 920 798 Schol.
952 729 993 794 ad
1015 730 1125 794 Orest.

122 842 172 920 33,
193 841 270 923 753)
292 821 457 923 sequitur}
491 836 707 920 Cydragornm
740 837 835 900 Atrei
866 835 966 900 filiam
992 853 1126 923 nuptam

122 941 223 1003 fuisse
245 937 417 1021 Strophio,
451 959 548 1022 quarn
575 948 684 1000 tomen
710 941 856 1023 Hyginus
885 939 909 1005 f.
934 963 984 1023 ¹¹7
1011 941 1126 1022 Astyo-

125 1041 236 1103 cheam
268 1039 421 1104 nominat.
462 1041 632 1105 Consentit
658 1061 732 1104 cum
757 1042 875 1126 Dictys
902 1042 1126 1128 Apollodorus

125 1145 150 1221 1,
177 1165 206 1227 9,
234 1165 264 1229 9,
289 1145 319 1224 3,
361 1147 417 1210 ubi
458 1169 520 1230 pro
563 1147 741 1231 Κρατιέως
781 1149 955 1231 legendum
997 1149 1126 1214 omnino

123 1248 294 1332 Κατρέως,
320 1270 429 1336 neque
450 1259 523 1314 erat
544 1271 603 1314 cur
623 1251 767 1334 Heynius
790 1251 964 1316 dubitaret.

372 1435 375 1442 ’
471 1467 545 1541 cn
562 1467 691 1544 rur
728 1467 778 1541 11.

288 1621 341 1675 DE
360 1621 513 1678 GENERE
531 1623 669 1680 REGUM
687 1619 954 1678 rnomtonurt.

125 1751 289 1869 Generis
325 1821 491 1872 auctorem
525 1813 638 1874 lovem
666 1808 772 1894 ipsum
798 1821 917 1894 poetae
949 1807 1129 1890 celebrant,

122 1919 261 1980 Homeri
287 1918 515 1979 auctoritatem
543 1915 599 1989 (ΙΙ.
621 1937 653 1994 v,
675 1915 750 1996 215)
773 1924 965 1999 sequentem
992 1916 1027 1979 in
1059 1918 1129 1980 otiis

125 2037 235 2088 tamen
255 2043 370 2104 magna
390 2035 440 2082 cst
461 2033 633 2102 poetarum
654 2031 906 2107 oeterorumque
931 2024 1131 2106 scriptorum

126 2130 300 2210 dissensi03
327 2130 361 2190 in
387 2127 504 2213 quibus
529 2127 562 2189 id
594 2129 700 2210 primo
722 2129 839 2191 mirum
868 2129 1015 2206 ridetur,
1044 2129 1130 2216 quod

122 2233 325 2294 recentiores
358 2239 505 2292 auctores
536 2229 695 2306 Troianos
729 2237 764 2290 et
794 2231 938 2292 Graecos
972 2229 1128 2293 affinitate

121 2331 311 2394 coniunctos
332 2329 432 2393 fuisse
453 2329 550 2393 variis
572 2329 675 2390 modis
698 2330 961 2414 genealogiarum
978 2351 1129 2416 compro·

119 2435 198 2495 hare
219 2434 434 2510 studuerunt,
463 2433 525 2494 etsi
552 2434 619 2494 eius
647 2432 697 2495 rei
728 2433 817 2516 apud
851 2437 1033 2497 Homerum
1072 2455 1128 2498 ve·

123 2533 254 2614 stigium
266 2533 391 2593 nullum
414 2545 512 2596 extat.
550 2533 612 2594 Est
633 2545 743 2596 autem
762 2534 863 2597 series
881 2554 996 2618 regum
1017 2535 1127 2600 Troia·

122 2655 241 2700 norum
263 2632 443 2698 secundum
464 2637 645 2697 Homerum
663 2635 766 2698 haec:

458 2762 575 2834 iupiter
593 2779 659 2816 curn
676 2764 792 2820 Electra

565 2843 676 2902 &A

549 2915 706 3050 nardino

522 3145 732 3200 Erichthonius

586 3295 663 3350 Tros

121 3447 852 3618 'imme
871 3497 936 3534 rum
955 3481 1081 3556 hesyets

861 3560 974 3620 &s

121 3719 293 3776 Laomedon
318 3702 415 3774 G³Pt⁸
508 3718 511 3727 '
843 3712 979 3770 Antenor

135 3817 217 3944 a(
306 3851 448 3905 Anchises

158 3939 1121 4036 rituiiiiffiffisss'ciffirh?

361 4057 483 4114 mortes,
504 4047 649 4102 Bucolion
669 4059 698 4102 et
716 4051 794 4104 filiae
815 4063 883 4108 tres.
