2626 4768
651 370 879 434 -136—

263 557 322 620 213
355 538 380 600 Ι.
400 537 510 602 lialel.
530 557 603 620 pag.
629 537 704 616 131,
725 535 815 621 quod
835 535 965 620 Virgilii
984 537 1121 619 „sep-1,
1149 536 1294 618 Fumi

263 658 397 725 quoque
427 637 533 698 innuit
560 637 601 715 11,
626 641 698 719 477.
738 639 869 698 Nomen
901 637 933 698 ei
964 634 1029 698 luit
1056 637 1294 717 Neoptolemi

262 752 321 804 aut
340 740 459 824 Pyrrhi
467 761 478 820 3
502 738 578 818 hoc,
606 747 646 800 ut
664 742 838 801 Pausanias
870 741 928 820 (X,
949 737 999 818 26,
1018 745 1056 814 i)
1077 740 1137 817 ait,
1167 741 1211 800 ei
1235 743 1294 821 Ly·

263 841 414 906 comedes
437 839 569 918 tn'huit,
601 861 621 901 a
641 853 792 902 comant
820 844 959 902 Taetaes
980 839 1080 900 tradit
1099 838 1242 900 Posth.
1268 860 1294 898 s.

263 946 324 1010 625
331 962 341 1014 3
361 941 445 1005 illud
456 941 615 1020 Phoenix,
636 943 725 1027 quod
738 955 833 1026 pater
853 939 923 1004 eius
944 939 1121 1004 admodum
1142 943 1291 1004 iuvenis

262 1047 297 1108 in
318 1044 444 1108 bellum
464 1045 635 1127 proiectus
655 1052 753 1106 esset.

344 1156 419 1216 Nou
451 1152 627 1214 adductum
660 1172 735 1213 eum
762 1150 822 1213 sed
854 1173 911 1213 sua
942 1161 1061 1236 sponte
1095 1152 1286 1214 advenisse

262 1265 374 1320 narrat
403 1255 534 1338 Dictys3
565 1254 740 1316 adveniens
769 1254 810 1315 ad
842 1275 940 1316 naves
972 1269 1007 1318 et
1039 1257 1197 1318 tentoria
1230 1279 1284 1338 pa-

262 1358 364 1419 rentis
387 1357 565 1436 contendit,
587 1356 876 1439 ubillyppodamia
897 1357 1003 1420 omnia
1024 1357 1109 1420 hona
1132 1371 1281 1440 paterna

263 1459 326 1541 ipsi
355 1458 576 1538 custodiebat,
604 1460 647 1523 cf.
668 1463 781 1521 Tacta.
803 1459 917 1523 Posth.
938 1481 973 1523 v.
993 1461 1065 1532 542.
1084 1464 1141 1522 Εο
1165 1462 1279 1522 cuncti

264 1559 365 1622 duces
398 1559 617 1641 conveniunt,
656 1581 738 1646 quos
769 1560 907 1644 henigne
949 1561 1086 1646 excipit,
1127 1561 1213 1643 ipse
1245 1551 1294 1618 ab?

263 1663 507 1745 Agamemnone
528 1662 569 1723 ad
589 1682 722 1724 coenam
743 1662 916 1742 invitatus-3
938 1662 1168 1746 inposterum
1192 1661 1279 1722 diem

262 1764 388 1828 bellum
409 1765 538 1844 indicit,
558 1764 617 1826 sed
638 1764 678 1826 ab
700 1765 813 1847 Ulysse
836 1776 870 1828 et
889 1765 1050 1828 Diomede
1070 1765 1136 1847 ipsi
1159 1765 1281 1825 suade·

264 1878 330 1947 tur,
350 1881 388 1929 ut
407 1867 542 1928 biduum
563 1867 800 1950 interponeret
813 1868 852 1928 ad
874 1865 1065 1930 reficiendos
1081 1868 1203 1950 quiete
1219 1869 1280 1927 mi-

263 1971 358 2034 litum
379 1971 513 2050 animos,
533 1972 621 2032 Dict.
643 1972 665 2032 l.
684 1971 708 2034 Ι.
731 1976 844 2036 Tzetz.
865 1972 980 2036 Posth.
1000 1994 1033 2036 v.
1053 1969 1127 2038 oio.

348 2092 491 2154 Cruenta
513 2093 629 2154 deinde
650 2113 759 2176 pugna
778 2091 886 2172 facta,
916 2095 950 2154 in
971 2115 1067 2176 quam
1087 2097 1275 2180 Neoptole-

263 2215 336 2257 mus
358 2193 489 2256 indutus
511 2195 614 2276 patris
635 2196 731 2258 armis
752 2196 1054 2278 procedit31’rocl.
1077 2217 1150 2260 exc.
1174 2219 1215 2260 ex
1237 2201 1272 2264 Ii

263 2317 356 2380 parv.
372 2295 485 2386 Quint.
507 2297 579 2373 Vll,
600 2297 672 2376 445,
693 2298 752 2359 sed
771 2318 836 2359 nox
857 2317 928 2358 eam
948 2296 1086 2378 dirimit3
1109 2312 1144 2364 et
1161 2301 1263 2360 altero

264 2397 317 2461 die
338 2399 575 2480 Neoptolemus
608 2407 644 2460 et
674 2397 860 2481 Eurypylus
893 2400 1059 2482 congressi
1090 2401 1262 2462 certamine

264 2499 442 2578 decertant,
464 2498 497 2560 in
520 2520 585 2584 quo
604 2501 788 2582 Eurypylus
811 2508 957 2578 necatur,
983 2501 1087 2589 Quint
1097 2501 1186 2576 Vlll,
1198 2522 1267 2563 coo.

263 2603 337 2666 Uno
359 2600 487 2683 proelio
510 2600 711 2662 debellatum
732 2621 803 2662 esse
814 2603 928 2684 Dictys
950 2603 972 2666 l.
993 2603 1016 2664 l.
1038 2623 1066 2666 c.
1092 2626 1128 2684 17
1144 2613 1267 2681 omrai,

262 2699 422 2778 Leschen,
443 2709 481 2760 ut
500 2698 648 2778 videtur,
662 2710 805 2779 secutus,
827 2709 862 2764 et
889 2706 1002 2764 Tacta.
1022 2701 1133 2767 Posth.
1152 2723 1185 2764 v.
1209 2705 1268 2770 550

264 2820 337 2886 sqq.
371 2798 462 2862 ldem
482 2801 649 2882 Eurypylo
679 2813 796 2862 necato
817 2802 976 2869 Troianos
1007 2801 1114 2862 statim
1134 2801 1266 2884 fugisse,

266 2891 546 2998 Quintus'autem
568 2905 729 2966 Helenum
751 2926 808 2967 eos
829 2905 870 2967 ad
888 2926 1029 2990 pugnam
1050 2905 1198 2967 incitasse
1220 2907 1266 2967 di·

267 3011 327 3089 cit,
355 3009 413 3095 qui
432 3009 576 3072 Aeneam
598 3027 729 3093 quoque
752 3019 921 3070 enumerat
940 3011 974 3069 in
993 3009 1032 3069 iis
1054 3009 1109 3092 qui
1128 3008 1265 3072 fortissi-

263 3133 318 3175 me
338 3125 544 3196 pugnassent,
567 3110 608 3172 cf.
622 3112 678 3190 Vl,
699 3111 778 3192 5213
801 3109 859 3173 622
868 3129 878 3180 3
897 3112 928 3172 X
949 3110 1018 3172 init.
1040 3131 1136 3194 quem
1150 3113 1262 3194 Dictys

264 3218 352 3280 intra
371 3237 482 3278 muros
504 3216 657 3276 mansisse
678 3219 723 3276 ait
744 3223 970 3296 aspernantem
990 3212 1114 3274 bellum
1133 3225 1166 3274 ct
1183 3215 1260 3274 faci-

263 3336 325 3383 nus
346 3316 382 3378 iu
400 3316 602 3398 Apollinem,
633 3314 722 3377 cuius
754 3315 912 3397 templum
934 3313 1032 3376 caede
1053 3313 1179 3375 Achillis
1200 3315 1258 3376 Pa-

264 3413 309 3474 ris
331 3413 511 3496 polluerat,
533 3414 758 3482 detestantem.
798 3405 993 3500 Respcsisse
1014 3413 1142 3478 videtur
1161 3413 1199 3476 ad
1220 3417 1253 3476 ll.

264 3537 295 3596 v,
315 3512 386 3585 460.

348 3621 452 3680 Troes
489 3607 605 3683 deinde
633 3621 673 3682 ad
708 3621 912 3705 sepeliendos
942 3634 1089 3700 mortuos
1122 3621 1251 3682 inducias

265 3721 437 3806 petierunt
457 3730 491 3784 et
506 3723 773 3807 Eurypylisunus
795 3739 1003 3806 curaverunt,
1027 3725 1137 3821 Quint.
1158 3727 1207 3805 IX,
1221 3748 1250 3794 v.

267 3824 394 3900 i-sso,
416 3823 507 3886 cuius
530 3843 603 3886 ossa
616 3825 742 3905 Gracci,
764 3828 821 3912 qui
841 3841 1007 3890 mortuum
1027 3829 1061 3888 in
1082 3837 1177 3888 castra
1195 3847 1249 3890 sua

265 3923 471 4006 detulerant,
503 3928 589 4012 patri
611 3927 653 3990 ob
675 3931 846 3992 amicitiam
867 3931 1029 3995 remisisse
1051 3921 1191 3991 dicuntur
1209 3929 1247 3988 ab

264 4025 357 4112 aliis,
387 4039 425 4092 ut
445 4031 563 4116 Dictye
595 4030 670 4115 (lv,
708 4034 770 4118 ιθ).
807 4034 1010 4118 Eurypylum
1033 4042 1068 4099 et
1088 4031 1248 4118 Neoptole-
