2722 4776
590 315 885 410 '—ac-

286 513 476 599 omnesqui
500 533 576 580 cum
606 515 720 578 lasona
752 513 793 578 ad
813 533 946 578 aureum
974 514 1081 578 vellus
1103 513 1318 579 tollendum

284 612 507 695 navigassent,
539 633 612 678 cum
641 617 787 694 Hercule
822 627 936 679 contra
972 616 1140 678 Troianos
1185 615 1314 676 bellum

284 716 420 796 gessisse
442 714 639 797 dicerentur,
659 735 700 780 eo
729 715 854 778 facilius
873 717 907 778 in
928 717 1162 800 Argonautico
1191 717 1311 778 itinere

286 815 418 876 Troiam
439 828 565 897 captam
587 835 657 878 esse
678 814 733 878 alii
753 816 884 879 tradere
904 825 1067 899 poterant
1087 816 1323 898 Scholiasta³

285 915 399 997 Eurip.
420 915 577 978 Androm.
597 917 681 998 781,
713 915 888 978 Pindarum
918 929 955 978 ut
979 916 1128 996 videtur,
1167 917 1323 979 secutus*

285 1017 542 1108 Laomedontem
562 1018 701 1080 Herculi
719 1039 782 1101 pro
810 1018 1045 1112 immortalibus
1080 1021 1189 1105 equis
1222 1041 1304 1082 mor

286 1120 368 1182 tales
390 1119 545 1184 obtulisse
567 1120 655 1185 dicit.
683 1119 814 1185 Servius
836 1121 876 1184 sd
896 1125 977 1191 Aen.
999 1128 1022 1204 1,
1044 1126 1103 1186 550
1128 1125 1182 1188 cf.
1208 1127 1304 1190 Dion.

288 1223 366 1286 Hal.
387 1223 411 1301 Ι,
433 1223 472 1285 52
502 1219 693 1282 seditionem
725 1231 914 1306 parentum,
942 1224 998 1307 qui
1027 1224 1107 1286 filias
1149 1227 1297 1290 obiicere

286 1320 478 1418 noluissent,
500 1328 646 1392 exortam
668 1339 739 1383 csse
760 1333 885 1402 narrat,
907 1323 1115 1415 fabulamque
1147 1327 1196 1392 de
1230 1331 1298 1391 con·

287 1423 389 1488 dita
381 1410 414 1486 in
434 1424 543 1487 Sicilia
563 1426 684 1507 Egesta
715 1445 788 1488 cum
819 1425 880 1488 hac
911 1447 949 1490 re
978 1430 1158 1494 connectit
1206 1433 1292 1496 Aliae

280 1544 419 1611 ¹quoque
440 1525 640 1587 narrationes
671 1525 735 1588 huc
767 1524 965 1609 referuntur,
1000 1543 1038 1592 ut
1071 1529 1112 1592 de
1150 1533 1323 1618 hospitio

285 1629 450 1692 Anchisen
470 1627 556 1692 inter
584 1642 619 1693 et
635 1631 823 1695 Evandrum
851 1633 963 1696 iuncto
984 1633 1018 1694 in
1036 1635 1180 1717 itinere,
1209 1635 1287 1722 quod
1318 1698 1321 1725 ,

285 1729 328 1792 ad
355 1729 521 1795 visendam
547 1752 695 1796 sororem
733 1734 902 1797 abductam
929 1735 1076 1798 Priamus
1107 1741 1289 1822 suscepisse
1319 1740 1323 1793 l

287 1831 407 1896 dicitur
426 1831 566 1896 Anchisa
589 1835 706 1897 comite
728 1834 820 1898 Serv.
848 1833 888 1896 ad
908 1836 990 1898 Aen.
1015 1838 1106 1916 Vlll,
1143 1840 1221 1921 1573
1251 1840 1286 1901 de

208 1973 211 1984 .
286 1932 424 2014 Pantho,
446 1934 502 2020 qui
522 1934 562 1996 ab
583 1935 758 2000 Antenoris
779 1934 847 1998 filio
870 1955 944 1998 cum
965 1938 1071 2000 exciso
1088 1938 1129 2000 ah
1143 1943 1286 2004 Hercule

287 2042 348 2105 llio
369 2041 517 2126 Delphos
531 2041 701 2121 aPriamo,
722 2050 760 2102 ut
779 2021 897 2121 Deum,
918 2063 995 2103 num
1014 2062 1160 2106 eversam
1173 2044 1281 2106 urbem

287 2127 335 2204 sas
359 2156 447 2207 esset
468 2143 583 2206 iisdem
605 2144 687 2225 erigi
707 2144 934 2224 fundamentis,
957 2146 1143 2208 consuleret
1160 2147 1276 2217 missus,
1315 2220 1318 2233 ,

287 2247 439 2325 venisset,
460 2259 572 2329 raptus
594 2257 628 2310 et
649 2245 806 2308 abductus
834 2266 906 2308 esse
935 2248 1084 2316 traditur.
1122 2251 1203 2310 Serv.
1230 2243 1267 2305 ad
1317 2258 1319 2297 1

287 2347 370 2410 Aen.
392 2348 432 2427 ΙΙ,
459 2347 529 2410 3ι8.
569 2345 635 2409 Sed
664 2367 701 2408 ea
734 2348 830 2408 aliter
866 2329 1039 2412 narrantur
1066 2373 1085 2411 a
1108 2346 1270 2412 Scholiasta
1316 2391 1319 2417 ,

288 2449 329 2511 ad
349 2449 385 2514 11.
405 2473 440 2529 μ,
462 2469 532 2528 ιιι,
556 2450 687 2512 Troiam
707 2448 868 2512 Panthum
888 2451 1034 2529 venisse,
1058 2464 1096 2514 ut
1120 2448 1271 2512 oraculum
1317 2425 1329 2564 ,l

287 2551 328 2614 ab
349 2553 502 2637 Apolline
537 2553 659 2617 editum
680 2556 972 2637 interpretaretur3
1002 2553 1045 2617 cf.
1066 2556 1157 2618 Eust.
1182 2547 1219 2610 ad
1238 2532 1318 2647 ΙΙ.,

287 2677 323 2735 μ,
345 2659 415 2720 228.
439 2655 525 2737 (pag.
550 2659 618 2736 108,
641 2656 690 2718 ed.
702 2658 806 2738 L'ips.)

370 2761 484 2823 Totius
507 2762 728 2825 labulaeordo
750 2766 935 2824 immutatus
956 2764 1077 2846 legitur
1096 2759 1177 2845 apud
1188 2760 1269 2822 Serv.

223 2913 226 2920 .
290 2861 331 2925 ad
362 2863 446 2924 Aen.
473 2865 497 2942 1,
531 2869 610 2948 619:
629 2866 807 2927 Herculem
828 2868 943 2948 Hylam
973 2878 1177 2952 quaerentem
1207 2885 1268 2927 cum

289 2967 443 3050 navigans
473 2969 604 3030 Troiam
633 2971 791 3049 venisset,
821 2970 1080 3033 aLaomedonte
1102 2967 1183 3025 exitu
1209 2983 1270 3026 esse

287 3071 508 3156 ¹prohibitum,
538 3077 606 3128 tum
626 3067 847 3130 Laomedonte
869 3067 991 3145 occiso,
1019 3065 1176 3125 Priamum
1193 3084 1212 3123 a
1231 3064 1269 3128 v'i·

289 3176 367 3236 cinis
388 3171 535 3236 hostibus
556 3168 737 3248 redemtum
758 3171 791 3229 in
811 3188 911 3250 regno
934 3167 1090 3242 locatum,
1112 3163 1269 3248 Hesionam

289 3291 397 3339 autem
419 3276 589 3338 abductam
612 3293 692 3336 esse.
735 3273 828 3368 Quae
857 3270 896 3331 de
919 3290 956 3330 ea
985 3269 1122 3329 liberata
1141 3266 1270 3338 diceren-

289 3389 354 3456 tur,
375 3377 521 3441 fabulosa
544 3395 614 3436 esse
628 3373 759 3436 Servius
783 3371 868 3449 dicit,
890 3370 972 3432 hanc
992 3382 1099 3432 tamen
1120 3367 1268 3434 dellesio·

288 3502 330 3542 na
352 3478 488 3540 liberata
509 3476 625 3539 famam
654 3479 742 3560 tangi
763 3500 827 3541 non
847 3476 991 3556 memini,
1019 3471 1079 3536 nisi
1107 3496 1178 3556 quae
1196 3476 1268 3534 Plu·

290 3582 420 3643 tarchus
444 3579 542 3642 affert
564 3579 602 3642 de
625 3581 748 3644 Aethra
770 3578 809 3642 ab
821 3582 968 3642 Hectore
988 3586 1082 3658 rapta
1101 3573 1159 3638 hue
1169 3577 1264 3662 aliquo

288 3684 385 3747 modo
408 3681 527 3744 referri
546 3691 693 3763 possunt.

371 3786 587 3871 Sepulchrum
599 3785 827 3848 Laomedontis
849 3802 947 3866 super
968 3788 1064 3863 porta
1083 3783 1172 3843 Scaea
1187 3777 1256 3864 fuit3

289 3896 381 3961 Serv.
410 3896 451 3960 ad
471 3897 552 3959 Aen.
574 3896 614 3978 ΙΙ,
636 3900 705 3967 aar.
732 3893 772 3958 lli
791 3893 978 3977 sepulcrum
997 3890 1031 3952 in
1052 3909 1165 3974 campo.
1182 3891 1212 3954 11.
1229 3895 1255 3972 λ,
