2626 4768
662 419 884 486 —lll-

268 595 389 666 locum,
411 609 486 654 cum
505 589 643 651 multum
656 588 696 649 ad
716 586 958 672 intelligendam
978 610 1048 653 rem
1072 611 1240 654 omnem
1263 591 1289 656 la

268 693 352 771 ciat,
381 695 543 776 integrum
564 691 758 756 adscribam:
790 691 971 769 Ὀιὶνσσεύς
998 694 1289 778 δ’έμῖκισάμενω

87 837 93 846 ι
205 875 207 880 Α
269 789 388 859 ἑαυτὸν
436 793 640 870 κατάσκοπος
679 795 728 870 εἷς
740 790 842 860 Ἴλιον
867 797 1088 879 παραγίνεται
1110 799 1192 863 καὶ
1230 797 1289 862 a’ru

269 901 475 984 γνωρισθεὶς
493 897 556 984 ὑφ’
570 897 699 981 Ἑλένης
719 897 800 982 περὶ
816 899 878 980 τῆς
897 895 1054 976 ἁλώσεως
1073 903 1148 983 τῆς
1163 899 1289 980 arditui

271 1001 672 1078 dominantissimam
694 1025 787 1077 τινας
802 1005 869 1068 raia
889 1000 1014 1087 Τρώων
1035 1002 1095 1067 ἐπὶ
1114 1003 1195 1080 τὰς
1223 1009 1289 1078 ναῦς

270 1105 465 1192 ἀφικνεῖται
491 1107 549 1171 καί
580 1103 664 1186 μετὰ
694 1109 799 1171 ταῦτα
830 1106 893 1172 σὺν
921 1105 1088 1193 Διομήδει
1111 1107 1161 1172 τὸ
1200 1113 1289 1172 Παλ·

269 1205 385 1272 λάδιον
407 1207 572 1289 ἐκκομίζει
594 1209 629 1271 ἐκ
649 1213 710 1291 τῆς
727 1207 838 1274 Ἰλίου.

353 1313 526 1394 Euripides
548 1313 691 1388 (Hecub.
714 1313 772 1396 adq
785 1333 856 1398 sqq.
877 1313 932 1375 cll.
955 1313 1079 1396 Schol.)
1102 1315 1286 1378 Helenam

273 1431 356 1496 quae
377 1412 562 1496 agnovisset
585 1416 732 1497 Ulyssem
753 1414 855 1493 dicit,
868 1414 901 1475 id
922 1416 984 1477 soli
1016 1415 1186 1478 Hecubae
1211 1415 1285 1478 indi-

271 1533 371 1593 casae,
393 1514 433 1576 ad
447 1537 543 1602 quam
551 1518 687 1600 supplex
698 1537 733 1579 ae
740 1520 955 1583 convertisset
966 1520 1095 1602 Ulysses
1106 1519 1289 1582 obaesus

272 1623 308 1677 et
329 1614 512 1694 obsecrans,
533 1637 575 1680 uc
596 1637 632 1678 se
652 1618 722 1678 aliis
742 1618 918 1700 proderet;
950 1617 996 1680 ibi
1014 1618 1216 1682 Scholiasta
1239 1623 1282 1681 ali·

273 1745 325 1786 am
345 1722 499 1785 fabellam
519 1724 630 1786 nescio
652 1744 692 1784 au
711 1724 851 1802 invenit,
887 1745 927 1784 an
949 1722 1141 1806 adscripsit,
1181 1727 1281 1789 Hele·

271 1851 345 1894 nam
366 1829 548 1914 prodidisse
571 1849 645 1892 eum
666 1828 824 1907 Troianis,
844 1828 991 1911 Ulyssem
1011 1828 1126 1914 itaque
1148 1831 1198 1892 ad
1224 1834 1258 1893 H

273 1930 388 1992 cubam
407 1929 589 2011 confugisse
607 1940 641 1990 et
652 1926 692 1989 ab
712 1947 751 1989 ea
772 1927 934 1990 dimissum
956 1947 1036 1990 esse.
1057 1927 1151 1990 ldem
1166 1933 1272 2014 ,Eury

271 2032 363 2116 pides
394 2028 508 2106 (Rhes.
531 2034 592 2114 497
612 2034 696 2115 sqq.)
724 2031 903 2094 Hectorem
936 2030 1058 2094 inducit
1082 2013 1276 2098 =narrantem

271 2134 383 2198 Rheso
402 2133 486 2197 hanc
506 2135 627 2217 Ulyssis
647 2132 812 2212 fraudem,
841 2155 903 2218 qua
924 2133 1104 2196 Palladium
1126 2141 1274 2218 rapuerit

274 2247 309 2298 et
335 2234 450 2296 urbam
483 2235 704 2316 exploraverit
736 2243 771 2296 et
804 2234 991 2297 custodibus
1022 2249 1142 2318 portae
1171 2240 1272 2299 iuter-

273 2333 369 2397 fectis
407 2340 515 2398 salvus
549 2335 676 2417 elapsus
693 2333 769 2411 -sit3
800 2333 889 2418 quod
925 2346 1127 2420 quantopere
1152 2348 1261 2398 contra

273 2457 401 2501 omnem
412 2447 595 2521 temporum
610 2436 779 2512 rationem,
797 2436 926 2519 qualem
940 2439 1120 2524 antiquiora
1133 2441 1266 2502 carmina

273 2539 500 2618 observabant,
521 2540 561 2600 ab
582 2539 739 2622 Euripide
760 2536 871 2601 lictum
892 2541 949 2617 sit,
969 2563 1064 2605 nemo
1084 2565 1151 2604 non
1171 2545 1267 2624 videt,

273 2638 333 2719 (cf.
354 2638 463 2703 Schol.
481 2641 557 2706 Vat.
578 2639 618 2700 ad
638 2634 778 2721 euml).
819 2641 893 2702 Nou
919 2640 959 2701 ab
980 2642 1107 2703 Helena
1125 2652 1184 2704 aut
1202 2647 1267 2708 Hc·

151 2795 155 2814 ,
272 2746 360 2807 cuba
385 2746 442 2808 sed
466 2746 505 2807 ab
526 2749 694 2808 Antenore
713 2749 862 2829 Ulyssem
889 2748 1031 2830 agnitum
1053 2761 1086 2812 et
1106 2749 1267 2814 dimissum

272 2869 356 2927 ease,
377 2849 510 2908 Sisenna
531 2861 729 2926 narraverat,
751 2850 843 2918 Serv.
864 2849 904 2910 ad
925 2850 1006 2912 Aen.
1027 2851 1050 2928 l,
1074 2858 1140 2920 ate.

357 2948 456 3044 Quod
478 2951 615 3009 Tectaes
638 2947 821 3022 (Posthom.
843 2971 874 3014 v.
888 2950 1066 3052 ‘⁶¹7·⁸⁸l‘1·)
1089 2971 1124 3013 se
1142 2957 1265 3017 nescire

147 3117 161 3136 ἡ
273 3055 465 3140 profitetur,
499 3054 626 3137 quando
655 3054 841 3117 a'l'roiania
875 3066 986 3139 captus
1014 3071 1048 3121 et
1075 3059 1113 3120 ab
1133 3062 1263 3123 Hecuba

275 3162 421 3222 dimissus
443 3161 484 3222 sit
504 3160 644 3242 Ulysses,
665 3183 705 3222 an
726 3181 798 3224 cum
820 3164 1006 3242 speculator
1027 3163 1060 3226 in
1080 3163 1192 3227 urbem
1212 3189 1261 3229 ve·

274 3265 389 3341 uisset,
419 3284 460 3324 an
481 3284 554 3324 cum
574 3265 753 3326 Palladium
782 3266 957 3348 rapuisset,
990 3265 1023 3326 id
1054 3265 1143 3328 facile
1178 3287 1258 3330 nunc

275 3365 422 3446 expediri
443 3361 573 3446 poterit.
613 3367 703 3426 Haec
731 3367 850 3449 quippe
882 3386 936 3428 res
968 3367 1098 3449 tragicis
1116 3375 1147 3428 at
1166 3369 1259 3430 comi·

276 3468 321 3527 cis
349 3467 457 3548 poetis
494 3480 718 3549 argumentum
754 3467 936 3530 fabularum
955 3469 1220 3552 suppeditaverat,
1240 3495 1258 3532 o

277 3563 392 3652 quibus
414 3577 483 3630 tota
503 3569 558 3630 illa
579 3573 720 3634 narratio
742 3571 783 3634 de
804 3557 939 3637 Hecuba
968 3572 1036 3634 sine
1057 3573 1121 3634 ulla
1139 3576 1254 3636 ratione

275 3676 360 3754 licta,
380 3674 503 3757 Ulyssis
524 3687 631 3738 autem
651 3675 781 3762 fraudas
803 3677 955 3742 confusae
977 3691 1092 3756 erunt,
1119 3683 1154 3741 ¹ut
1177 3679 1253 3742 illud

275 3776 441 3857 Euripidis
461 3778 643 3860 exemplum
664 3781 739 3841 satis
761 3795 874 3862 aperte
902 3779 1111 3844 demonstrat.
1157 3855 1159 3864 y

359 3883 538 3945 Oraculum
571 3884 691 3945 editum
731 3883 839 3947 fuerat
875 3887 1023 3960 Graecia,
1052 3885 1170 3946 Troiam
1195 3889 1248 3948 nisi

145 4029 151 4040 ·
278 3999 393 4068 erepto
416 3999 489 4050 ante
510 3987 653 4049 Palladio
675 3988 853 4072 expugnari
875 4008 945 4048 non
962 4005 1066 4066 posse.
1088 3989 1166 4047 cuius
1183 4007 1247 4047 ora·

218 4147 220 4154 .
276 4091 340 4150 culi
371 4101 535 4151 auctorem
568 4099 624 4149 aut
645 4092 806 4152 Helenum
827 4101 881 4150 aut
911 4089 1008 4149 alium
1036 4087 1177 4164 eliciunt,
1208 4087 1243 4150 cl.
