2626 4768
441 435 752 498 -131-1

128 605 231 667 Minae
252 601 383 680 fabulae
405 616 556 666 veterum
583 603 624 666 de
645 603 761 668 haere
783 602 950 684 extabant,
971 626 1050 692 quas

20 711 75 771 in
101 729 204 770 unum
232 707 403 788 collegisse
431 703 550 770 dicitur
569 707 751 770 Hoehlerus
777 707 818 788 ¹),
847 708 938 769 cuins
960 707 1053 772 libel·

20 815 114 874 lum
146 809 224 872 mihi
253 808 406 871 adhibere
438 828 505 871 non
542 810 686 892 contigit.
727 811 808 871 Eam
833 810 970 872 insulam
998 808 1054 873 de·

24 903 201 974 scribunt
221 909 341 972 strabo
364 911 434 983 vlt,
455 915 533 993 4723
554 916 633 992 4773
654 910 778 972 Plinius
798 912 841 972 H.
863 912 904 974 N.
925 913 982 993 IV,
1003 911 1054 994 ab,

25 1039 122 1104 pag.
149 1017 206 1080 abd
227 1037 277 1102 sq.
299 1017 453 1080 Philostr.
467 1017 599 1083 Heroio.
619 1039 651 1100 p.
672 1037 747 1098 72⁰3
769 1018 970 1104 Stephssya.
985 1037 1009 1082 s.
1021 1037 1053 1078 v.

32 1113 382 1200 Ἆχιλλέως,δρόμος.
413 1117 481 1180 Sita
502 1131 553 1179 est
574 1137 611 1180 ea
631 1116 737 1179 insula
758 1119 792 1181 in
810 1127 912 1202 ponto
926 1117 1052 1179 Euxino

38 1239 159 1304 prope
182 1221 314 1296 Istrum,
341 1231 378 1279 ut
399 1219 442 1279 ait
460 1217 632 1280 Pausanias
654 1218 734 1300 (tlt,
760 1241 806 1304 19,
831 1220 893 1300 st),
915 1218 989 1295 vel,
1017 1225 1055 1276 ut

38 1324 177 1384 Plinius
199 1321 256 1401 ait,
290 1319 330 1382 ad
350 1340 423 1382 oras
444 1306 674 1403 Borysthenis,
701 1343 718 1382 a
747 1341 810 1406 qus
830 1341 897 1381 non
916 1320 1056 1382 multum

44 1424 168 1485 aberat
193 1423 364 1506 peninsula
393 1421 434 1483 ad
458 1423 557 1506 gladii
579 1425 716 1486 formam
735 1433 906 1507 porrecta,
935 1441 1057 1506 eogno-

45 1525 174 1586 minata
196 1523 333 1586 Achillis
354 1521 496 1602 dromus,
518 1525 561 1586 ef.
579 1523 689 1586 Sobel.
711 1524 823 1608 Apoll.
837 1523 900 1588 nh.
923 1525 963 1605 ll,
984 1524 1054 1588 658.

46 1625 162 1684 Insula
194 1624 291 1684 etiam
317 1621 484 1703 Achillea,
518 1623 607 1706 quod
632 1625 801 1710 proprium
839 1647 957 1689 nomen
984 1645 1055 1688 esse

41 1724 237 1808 Stephanus
257 1733 368 1810 putat,
401 1741 457 1789 aut
476 1730 629 1790 Macaron
657 1731 739 1804 [τῶν
760 1725 923 1814 μακάρων.
940 1731 1056 1816 νῆσος)

47 1830 241 1909 dicebatur,
269 1851 336 1892 non
364 1852 446 1892 unus
474 1835 559 1896 enim
580 1831 725 1895 Achilles
756 1833 812 1896 sed
842 1835 896 1896 alii
924 1855 1057 1919 quoque

48 1931 174 1994 heroes
200 1931 246 1992 ibi
272 1944 348 2014 post
368 1945 508 1996 mortem
535 1933 647 1996 vivere
670 1933 870 1998 dicebantur.
912 1939 993 1997 Erat
1013 1933 1059 1996 ibi

49 2033 216 2113 templum
235 2029 355 2108 herois,
371 2025 433 2094 'aut
453 2037 596 2096 tumulus
620 2047 652 2097 et
672 2047 795 2115 statua3
823 2037 929 2098 insula
950 2044 1058 2097 autem

57 2131 122 2196 hoo
142 2131 240 2196 niodo
262 2154 280 2195 e
300 2135 380 2197 mari
400 2151 574 2218 procreata
596 2137 723 2200 dicitur.
756 2138 901 2200 Achilles
924 2135 1058 2198 ardebat

58 2254 170 2296 amore
192 2237 347 2313 Helenae,
369 2250 403 2300 et
424 2238 464 2299 ad
485 2261 628 2301 amorem
649 2239 735 2302 huno
756 2239 951 2324 explendum
973 2237 1059 2300 The·

54 2343 129 2405 tidis
139 2344 319 2412 etVeneris
333 2343 467 2407 consitio
476 2345 569 2408 ambo
582 2346 770 2409 convenisse
779 2344 941 2420 dicuntur,
950 2344 1059 2404 utiam

51 2445 174 2528 Cypria
187 2447 326 2507 carmina
339 2445 512 2508 narrabant
520 2469 530 2526 ;
552 2447 593 2509 cf.
606 2462 775 2530 praeterea
793 2451 906 2509 'saeta
926 2445 966 2507 ad
979 2449 1057 2528 Lyc.

64 2573 129 2628 ¹7¹·
150 2548 364 2612 Philostratus
373 2563 480 2612 autem
491 2552 609 2613 tradit:
630 2554 817 2636 Neptunum
830 2562 965 2636 rogante
973 2550 1059 2613 The·

59 2649 145 2729 tide,
174 2661 212 2712 ut
232 2652 350 2731 locum,
372 2653 428 2714 ubi
447 2674 561 2716 secure
585 2668 618 2716 et
638 2655 814 2737 tranquille
838 2667 979 2715 amantes
1000 2653 1058 2716 de·

55 2775 136 2839 gere
157 2771 309 2839 possent,
338 2759 414 2842 ipsis
437 2758 803 2836 concederet,11euoen
830 2776 1019 2840 procreasse
1040 2779 1058 2819 e

57 2857 153 2934 limo,
180 2878 278 2940 quem
299 2856 464 2929 influentia
490 2861 524 2920 in
546 2881 633 2922 mare
654 2860 699 2922 ibi
721 2857 853 2922 flumina
873 2881 984 2922 secum
1004 2881 1060 2922 ve-

59 2958 151 3020 hunt.
193 2962 229 3020 ln
257 2983 294 3022 ea
327 2963 436 3048 itaque
465 2965 569 3056 insula
600 2985 737 3026 uxorem
759 2963 901 3025 Achilles
921 2963 1062 3024 babebat

59 3058 239 3136 Helenam,
268 3063 382 3147 Eurip.
410 3063 566 3126 Androm.
600 3064 693 3142 12623
721 3067 816 3128 Paus.
844 3065 906 3142 111,
938 3083 983 3144 19,
1015 3063 1060 3125 sa.

62 3179 84 3220 e
104 3181 167 3243 qua
193 3159 295 3223 filium
322 3167 441 3226 alatum
461 3165 708 3248 Euphorionem
728 3167 871 3248 genitum
900 3185 969 3226 esse
995 3177 1061 3226 tra·

59 3261 112 3323 dit
131 3263 337 3326 Ptolemaeus
357 3267 580 3349 Hephaestion
602 3267 668 3349 (ap.
688 3263 785 3326 Phot.
805 3286 838 3348 p.
860 3269 930 3346 247.
951 3263 972 3327 Ι.
995 3266 1061 3345 ao),

61 3385 160 3449 quem
181 3365 321 3446 Iupiter,
350 3387 424 3428 uum
445 3369 568 3432 amanti
583 3369 650 3452 ipsi,
664 3387 787 3430 morem
808 3385 925 3448 gerere
946 3367 1060 3446 nollet,

100 3625 124 3696 ¹5
139 3628 247 3684 Libelli
267 3629 370 3684 titulus
389 3637 447 3685 est:
476 3605 621 3682 Memoire
648 3645 700 3682 sur
723 3627 767 3682 los
787 3626 841 3680 iles
860 3635 889 3680 et
907 3625 936 3678 la
954 3638 1061 3678 course

135 3717 309 3772 consae-raes
334 3715 487 3770 adelaide
514 3716 586 3770 dans
614 3717 642 3770 la
669 3718 745 3770 Pont
769 3715 881 3779 Euxin,
911 3729 981 3766 avec
1010 3708 1061 3764 des

134 3805 377 3864 ialaircissimens
408 3827 459 3862 sur
486 3809 530 3860 les
567 3802 727 3878 antiquitis
757 3805 797 3858 du
826 3801 949 3858 hittoral
979 3799 1015 3852 da
1033 3799 1061 3852 la

130 3898 274 3952 San-anatis
303 3909 334 3951 et
360 3895 411 3950 des
440 3897 612 3950 recliorcluu
642 3896 754 3950 surles
771 3897 921 3947 honneurs
940 3907 998 3963 que
1018 3891 1062 3946 les

134 3987 226 4040 Grues
243 3997 297 4040 unt
324 3983 484 4046 socordias
502 4003 519 4039 a
537 3986 652 4038 Aclsitle
665 3997 707 4039 et
731 4003 787 4040 aux
805 3991 902 4036 autres
920 3981 1008 4036 lteros
1025 3979 1062 4034 de

128 4077 156 4130 la
174 4093 280 4148 guerre
298 4077 335 4130 da
352 4077 452 4141 Troia,
479 4077 519 4128 St.
540 4075 745 4146 Petersbourg.
764 4077 836 4138 1827.

717 4163 757 4218 9*
