2626 4768
638 431 858 495 -lli-

254 603 402 664 consutis'
425 602 556 664 manicis
588 599 871 683 superinieoisset,
902 621 998 685 quem
1030 601 1277 663 narrationem

253 713 398 772 'l'zetzes'
424 707 587 792 Lycophr,
622 708 699 768 1108
729 718 900 790 poetarum
931 705 1167 789 plurimorum
1208 725 1279 766 esse

253 811 348 890 dicit,
368 810 411 874 cl.
431 811 527 874 eund.
548 809 590 871 sd
608 829 656 872 vs.
681 809 757 890 1375
765 827 774 879 ς
805 807 916 870 Schol.
938 809 976 869 ll.
997 833 1028 888 a,
1047 825 1088 891 73
1120 819 1278 892 praeter

251 913 310 976 has
346 915 478 977 tertiam
508 913 727 974 narrationem
760 909 858 974 affert
878 912 1011 976 Servius
1031 912 1073 974 ad
1094 917 1202 975 Aen.
1226 915 1279 986 xl,

252 1023 323 1100 sss,
342 1024 618 1106 Agamemnonem
634 1023 922 1105 aClytaemnestra
942 1041 1025 1105 quae
1046 1020 1078 1081 ei
1099 1020 1152 1081 88
1178 1021 1279 1080 littus

250 1125 458 1201 occurrisset,
478 1135 628 1184 necatum
647 1143 735 1194 esse3
756 1122 989 1185 sacrificantem
1009 1134 1124 1186 autem
1149 1144 1278 1205 regem

248 1219 447 1286 tm'eidatum
481 1245 552 1288 esse
581 1239 741 1287 memorat
767 1227 912 1308 Hyginus
940 1224 963 1288 f.
999 1229 1068 1294 118.
1117 1225 1278 1288 Occisus

251 1336 360 1388 sutem
389 1339 457 1405 est,
489 1340 526 1388 ut
552 1327 748 1389 scholiastes
779 1327 935 1411 Sophoel.
969 1326 1009 1388 ad
1038 1329 1182 1390 Electr.
1217 1330 1272 1388 281

251 1430 368 1506 tradit,
389 1430 442 1494 dis
463 1431 654 1496 duodecima
675 1431 792 1492 mensis
816 1430 1092 1494 6818818888.-
1115 1431 1274 1494 Orestes

250 1531 336 1595 iilius
358 1553 397 1596 ex
418 1554 455 1595 ea
477 1534 574 1596 caede
595 1544 742 1596 servatus
764 1542 814 1593 est
835 1533 904 1593 sive
925 1554 943 1592 a
963 1533 1093 1594 nutrice
1114 1537 1270 1595 Arsinoe
1294 1605 1295 1622 Χ

230 1633 294 1719 ,εἰ
307 1634 504 1716 Pind.Pyth.
525 1637 580 1714 xl,
601 1635 654 1712 253
677 1653 773 1717 quam
794 1641 901 1694 lamen
922 1643 959 1694 ut
976 1631 1108 1696 videtur
1129 1635 1272 1697 Laods·
1293 1633 1295 1680 ἕ

249 1733 347 1796 tuiam
379 1733 565 1814 appellabat
585 1733 805 1816 Pherecydes,
833 1735 875 1796 cf.
901 1734 977 1796 ibid.
1000 1736 1135 1814 Schol,
1172 1740 1270 1800 ouius

251 1832 445 1896 Laodamiae
457 1832 542 1894 lilius
564 1834 688 1896 occisus
712 1843 799 1897 esset
814 1834 853 1896 ab
865 1835 1019 1917 Aegistho
1039 1860 1101 1919 pro
1117 1838 1273 1916 Oresta,

249 1937 319 2000 sive
341 1937 380 1998 ab
392 1939 536 2018 Electra,
553 1941 637 2021 Hyg.
650 1941 674 2001 f.
700 1958 773 2022 ¹¹73
794 1939 883 2022 apud
892 1941 1089 2023 Aeschylum
1105 1943 1271 2028 Choeph.

250 2046 320 2122 hae,
343 2047 384 2109 cf.
399 2048 511 2128 Agam.
529 2049 601 2123 888,
616 2048 856 2128 Clytaemnesrs
875 2047 1024 2111 seiilium
1044 2049 1262 2115 educandum

249 2148 291 2209 88
317 2141 461 2231 hospites
490 2149 613 2208 misisse
641 2150 695 2208 ait.
747 2148 903 2232 Strophio
931 2171 1007 2212 eum
1046 2154 1260 2216 educandum

250 2248 403 2314 traditum
424 2270 495 2312 esse
517 2249 612 2309 multi
632 2259 773 2326 narrant,
795 2249 888 2312 Pind.
908 2251 930 2313 l.
951 2252 973 2312 l.
994 2271 1026 2314 v.
1047 2252 1106 2332 535
1140 2257 1253 2337 Eurip.

249 2355 377 2418 Electr.
408 2373 460 2433 ¹73
490 2352 577 2412 Plut.
598 2351 716 2411 Parall.
739 2351 793 2432 373
820 2352 953 2417 Luciam.
975 2358 1084 2418 Amor.
1116 2362 1171 2440 473
1189 2359 1240 2417 Se*

248 2473 321 2518 noc.
342 2457 455 2536 Agam.
477 2459 555 2538 9063
587 2455 679 2516 Serv.
710 2453 750 2516 ad
771 2460 851 2518 Aen.
873 2458 929 2536 lV,
956 2461 1034 2528 4713
1056 2480 1075 2518 a
1097 2459 1244 2541 Tyndaro

214 2601 218 2615 .
247 2581 386 2644 puerum
408 2547 579 2623 educitum
600 2581 670 2624 esse
690 2561 864 2645 Euripides
887 2563 946 2626 Or.
966 2569 1026 2650 ίιίμ)
1048 2567 1163 2630 tradit.

330 2665 503 2746 Aegisthus
531 2665 629 2747 igitur
656 2675 759 2748 reguo
787 2668 910 2750 potitus
932 2670 1071 2750 Mycenis
1093 2674 1258 2756 regnabat

246 2778 373 2850 septem
394 2785 494 2830 annos
519 2790 654 2831 uxorem
677 2770 796 2831 habeus
821 2771 1120 2851 Clytaemnestram,
1146 2797 1166 2836 e
1191 2800 1260 2861 qua

247 2874 328 2935 iilius
351 2873 428 2934 duas
449 2873 596 2954 genuisse
619 2873 746 2951 dicitur,
768 2875 811 2936 ef.
828 2875 942 2957 Eurip.
960 2877 1012 2941 El.
1029 2879 1078 2956 52,
1100 2879 1261 2961 Erigo-

246 3001 342 3059 nen,
365 2984 476 3048 Testa
496 2979 536 3040 88
550 2983 627 3062 Lye.
645 2980 730 3060 1374,
752 2980 964 3056 Helenam,
989 2983 1077 3047 Ptol.
1094 2985 1213 3066 Heph.
1230 3009 1262 3070 p.

247 3090 317 3156 248.
339 3090 389 3150 Ex
411 3088 466 3154 illa
488 3096 602 3168 postea
624 3084 758 3148 Orestes
781 3083 916 3146 nothum
938 3084 1039 3147 lilium
1060 3087 1261 3152 Penthilum
1295 3031 1297 3124 l

245 3191 395 3274 genuisse
417 3192 553 3271 dicitur,
583 3199 621 3250 ut
641 3210 659 3249 e
682 3189 882 3252 Cinaethone
903 3188 1001 3253 affert
1022 3191 1116 3251 Paus.
1139 3192 1182 3272 ΙΙ,
1214 3193 1262 3272 18,

248 3293 291 3374 63
319 3293 498 3356 secundum
531 3291 610 3354 alios
638 3293 756 3372 laqueo
785 3291 885 3354 vitam
918 3289 1042 3368 linivit,
1073 3304 1261 3376 postquam

246 3396 383 3460 Orestes
404 3396 438 3456 in
468 3393 586 3455 iudicio
622 3392 661 3454 de
697 3392 796 3456 caede
820 3393 935 3456 matris
965 3391 1131 3454 absolutus
1169 3413 1258 3476 erat,

244 3497 332 3558 Dies.
346 3497 402 3576 Vl,
423 3501 463 3576 43
485 3494 526 3558 cf.
547 3498 653 3578 Etym.
666 3497 709 3557 Μ.
731 3494 895 3570 laudatum
916 3515 934 3554 a
955 3495 1084 3558 Sturzio
1106 3494 1147 3556 ad
1162 3499 1260 3562 Hell.

244 3622 277 3683 p.
304 3600 380 3680 1333
415 3599 571 3660 Helenam
599 3605 707 3659 autem
735 3597 868 3662 Orestes
904 3593 1058 3658 occidisse
1085 3610 1257 3681 narratur,

243 3704 421 3787 Hephaest.
444 3704 467 3766 l.
489 3705 510 3766 l.
553 3707 588 3764 ln
620 3701 777 3785 temporis
805 3705 932 3764 ratione
961 3701 1098 3764 haerent
1118 3713 1257 3766 veteres

244 3811 321 3874 dum
342 3810 424 3873 hauc
446 3809 589 3872 sahulem
611 3817 779 3884 enarrant,
811 3815 849 3868 ut
878 3827 985 3890 neque
1007 3806 1162 3890 quamdiu
1187 3811 1254 3874 Ae-

243 3913 366 3996 gisthus
388 3915 559 3995 imperium
580 3911 723 3974 tenuerit
744 3929 851 3993 neque
873 3907 1002 3994 quando
1020 3908 1159 3970 Orestes
1182 3912 1253 3972 vin-

243 4016 307 4079 dex
328 4018 428 4098 patris
450 4033 603 4076 reversus
627 4014 685 4091 sit,
708 4011 929 4086 consentiunt,
958 4031 1040 4094 quae
1062 4008 1250 4094 discrepan-

243 4116 289 4186 tiu
308 4139 326 4178 8
347 4117 476 4199 tragicis
512 4113 669 4215 imprimis
698 4112 804 4195 poetis
840 4123 954 4174 exorta
981 4099 1038 4174 est.
1082 4113 1247 4180 Homerus
