2626 4768
640 401 862 466 -126-

251 571 307 634 des
329 573 422 655 regni
443 571 512 634 eius
534 568 633 632 fuisse
655 569 789 650 dicitnr,
822 571 892 655 ipse
914 574 1021 635 clarus
1043 582 1078 636 et
1097 573 1288 654 potentis·

250 677 349 736 simus
378 694 436 736 rex
469 673 669 754 Aethiopum
698 686 732 736 et
759 675 964 756 Assyriorum
1001 673 1169 753 habetur,
1210 677 1287 734 He-

249 777 357 840 rodot.
371 779 411 850 V,
434 777 488 846 533
512 776 629 838 Strabo
652 777 724 853 XV,
745 797 779 860 p.
803 777 890 840 1058.
915 778 952 841 C.
971 776 1068 841 Diod.
1087 777 1161 841 Sic.
1191 779 1243 854 11,
1264 777 1286 841 4

249 881 361 964 ibique
382 881 544 961 Wessel.;
571 873 669 942 Paus.
691 883 731 944 X.
752 883 803 958 31,
823 905 855 963 7,
877 879 966 944 addit
987 879 1174 957 Diodorus,
1204 882 1284 940 Pri-

248 1003 358 1044 amum
378 983 468 1043 cuius
489 1001 625 1064 regnum
645 983 783 1065 Assyriis
803 981 969 1045 subditum
989 981 1123 1061 fuisset,
1155 1003 1178 1042 a
1206 985 1282 1044 Me-

248 1106 375 1148 mnone
391 1087 507 1148 auxilia
527 1085 737 1168 petiissent.
759 1085 877 1150 Athen.
898 1087 971 1163 XV,
993 1091 1048 1157 aba
1072 1085 1179 1148 etiam
1205 1087 1280 1146 Pli-

248 1189 321 1252 nius
342 1191 426 1252 Hist.
446 1189 519 1252 Nat.
539 1188 596 1264 Vl,
618 1187 658 1252 35
686 1187 773 1270 (pag.
794 1187 870 1270 755)
898 1187 1078 1250 Memnonis
1105 1191 1278 1272 exemplo

250 1290 370 1366 utitur,
397 1301 434 1350 ut
453 1305 585 1370 magnas
607 1285 807 1370 Aethiopum
837 1307 916 1371 opes
937 1288 1077 1374 antiquis
1098 1291 1273 1373 tempori
1302 1327 1303 1330 =

250 1387 310 1450 bus
334 1387 433 1450 fuisse
455 1386 615 1450 ostendat.
655 1389 753 1450 Hunc
773 1388 885 1472 itaque
904 1409 1141 1475 rogemusque
1166 1393 1273 1453 armis

252 1512 271 1550 a
292 1491 439 1556 Vulcano
470 1490 634 1552 fabricatis
662 1501 697 1552 et
716 1492 864 1571 potentie
885 1491 1011 1552 clarum
1032 1513 1131 1573 qnam
1156 1493 1271 1556 forma

251 1614 331 1676 prae
366 1594 485 1656 ceteris
516 1595 674 1674 insignem
696 1592 777 1675 (Od.
799 1597 828 1670 l,
849 1594 926 1668 dee)
948 1592 1174 1657 Troianorum
1198 1595 1266 1679 opi·

250 1693 312 1754 bus
335 1681 473 1755 ‘afflictis
503 1691 623 1754 anxilio
645 1693 773 1755 venisse
807 1693 939 1778 antiqua
969 1693 1055 1756 lema
1076 1705 1144 1772 est,
1181 1713 1269 1779 quae

250 1802 314 1860 iam
346 1799 379 1858 in
412 1795 558 1878 Odyssea
589 1805 873 1858 commemoratur.
924 1798 1057 1860 Partem
1088 1799 1265 1880 copiarum

251 1900 358 1982 ipsum
380 1897 530 1959 terrestri
557 1895 674 1959 itinere
695 1896 885 1976 adduxisse,
906 1907 1034 1980 partem
1054 1895 1160 1959 Phala
1183 1919 1264 1981 quo·

253 2002 327 2064 dam
347 2001 430 2064 duce
450 2000 532 2062 mari
559 2001 674 2062 missos
703 2019 774 2063 esse
800 2012 912 2062 narrat
936 2001 1048 2081 Dictys
1071 2001 1110 2074 Il,
1131 1995 1167 2064 4.
1215 2001 1261 2060 llli

253 2125 328 2168 cum
349 2123 428 2186 rege
444 2104 526 2166 salvi
546 2101 759 2180 advenerunt,
781 2119 1087 2184 quorumnumerus
1100 2101 1257 2162 maximus
1302 2113 1303 2130 ¹

254 2215 335 2284 erat,
357 2205 401 2267 its
426 2215 463 2269 ut
484 2205 581 2266 etiam
595 2223 670 2285 spes
682 2203 809 2266 Priami·
823 2213 1012 2284 superaret3
1033 2200 1092 2264 hos
1104 2201 1258 2266 Rhodum
1302 2171 1303 2222 l

253 2309 405 2392 appulsos
426 2307 553 2368 incolae
575 2308 642 2368 eius
664 2308 787 2370 imolae
810 2307 1011 2370 Graecorum
1031 2307 1127 2370 amici
1146 2331 1165 2370 a
1178 2330 1251 2390 pro·

252 2419 360 2500 posito
389 2435 542 2480 amovere
563 2413 748 2478 studebant.
787 2414 922 2478 Phalam
955 2415 1041 2478 enim
1061 2425 1096 2480 ct
1116 2417 1246 2480 Phoeni·

253 2543 331 2598 ces,
363 2522 419 2605 qui
440 2519 573 2603 plurimi
603 2519 636 2582 iu
667 2521 813 2584 exercitu
833 2523 902 2584 eius
924 2533 1037 2601 erant,
1058 2522 1252 2602 incusabant,

254 2623 341 2708 quod
363 2624 394 2686 ei
414 2623 531 2684 auxilio
552 2620 860 2705 proficiscerentur,
892 2626 948 2708 qui
980 2626 1152 2710 aliquando
1169 2629 1253 2712 ipso·

254 2746 327 2787 rum
347 2743 459 2807 regem
478 2726 698 2788 interlecisset
718 2732 753 2788 et
765 2724 919 2788 Sidonem
940 2742 1170 2811 expugnasset,
1188 2750 1245 2814 quo

177 2909 179 2916 .
254 2828 409 2891 commoti
437 2828 556 2889 milites
577 2827 711 2889 Phalam
742 2827 904 2911 lapidibus
936 2829 1118 2894 obruerunt
1138 2841 1172 2894 et
1193 2853 1252 2915 per
1302 2839 1303 2910 j

253 2934 391 3014 lalysum
412 2942 447 2998 ct
469 2932 631 2996 Camirum
651 2933 750 2996 urbes
773 2933 938 2998 distributi
972 2956 1087 2998 aurum
1108 2948 1143 2998 et
1168 2947 1257 2999 cete·

252 3057 305 3100 ras
328 3055 407 3118 opes
427 3037 514 3098 inter
535 3056 570 3100 se
591 3035 779 3100 diviserunt.
820 3037 912 3098 Haec
933 3037 1077 3099 narratio
1099 3036 1138 3098 ad
1158 3040 1254 3122 osigi-
1302 3057 1303 3142 y

252 3161 310 3204 nes
331 3141 661 3224 Rhodias'pertinere
682 3139 823 3218 videtur,
849 3140 987 3203 similem
1008 3141 1050 3204 de
1070 3142 1131 3204 alia
1150 3155 1253 3226 parte,

253 3255 291 3309 ut
311 3246 452 3324 videtur,
474 3245 634 3308 exercitus
657 3245 757 3308 tradit
776 3245 962 3308 Athenaeus
981 3229 1055 3325 XV,
1076 3251 1125 3318 sle.

336 3356 371 3414 ln
397 3373 523 3437 pugna,
554 3363 638 3438 guae
664 3350 781 3414 deinde
811 3353 979 3415 commissa
1006 3366 1073 3434 est,
1103 3356 1252 3422 Memnon

252 3457 372 3519 multos
395 3459 596 3520 Graecorum
624 3455 807 3536 interfecit,
839 3457 874 3518 in
905 3456 944 3530 iis
964 3457 1170 3521 Antilochum
1188 3463 1252 3524 Ne·

71 3599 73 3608 ,
150 3635 153 3643 ¹
253 3562 353 3627 storia
381 3561 484 3624 lilium
517 3564 598 3643 (Od.
621 3565 649 3644 d,
683 3567 737 3629 182
747 3565 784 3647 3),
812 3561 969 3626 Philostr.
990 3564 1108 3646 lmagg.
1135 3585 1164 3646 p.
1190 3565 1249 3649 633

252 3671 358 3752 intpp.
375 3689 407 3750 p.
429 3669 500 3750 2137,
530 3668 725 3755 tandemque
748 3688 860 3732 omues
892 3667 1032 3751 fugavit,
1054 3669 1194 3748 adeost,
1216 3673 1250 3734 ni

253 3795 319 3834 nox
340 3771 598 3853 supervenisset,
624 3793 725 3836 naves
748 3793 787 3834 eo
809 3770 861 3833 die
887 3770 1036 3832 incendio
1058 3771 1184 3835 deletae
1198 3793 1248 3835 es·

253 3881 338 3942 sent,
382 3873 509 3935 Placuit
541 3872 657 3936 deinde
685 3873 834 3949 Graecis,
865 3883 904 3934 ut
923 3881 1032 3951 sorte,
1061 3873 1118 3955 qui
1142 3883 1247 3936 contra
1302 3911 1303 3962 ,

255 3979 460 4040 Memnonem
498 3989 680 4060 pugnaret,
709 3979 941 4040 ¹decernerent
948 3997 958 4053 3
992 3977 1039 4036 sic
1071 3983 1244 4039 immutasse
1302 3969 1303 3992 ³

255 4081 370 4162 Dictys
391 4082 521 4144 videtur
542 4101 595 4160 ea,
626 4101 709 4166 quae
741 4082 777 4142 in
803 4078 1000 4161 Aethiopide
1026 4082 1236 4176 narrabantur,
