2722 4776
485 359 690 426 ...30-

87 523 309 594 ratiocinatur
329 526 462 605 sunno,
482 528 613 614 quinam
634 529 725 592 hicce
746 525 903 613 Nauplius
930 547 1035 613 usqua
1066 528 1107 592 ad

91 641 248 714 tempora
269 628 352 692 belli
372 627 506 694 'lboiaui
526 628 638 692 vivere
660 630 816 713 potuerit.
850 628 917 718 Sed
937 629 1031 692 aliam
1051 647 1107 713 ge·

89 737 279 821 nealogiam
300 742 453 798 recenset
465 733 663 816 Apollonius
684 731 749 798 111.
763 735 886 816 Argon.
908 735 930 810 1,
956 731 1012 798 083
1033 753 1106 817 sqq.

92 843 262 925 Nauplius
283 839 342 903 ille
370 840 482 922 genuit
503 839 684 918 Grumum,
713 837 800 902 unde
820 841 968 918 Laruas,
1001 859 1018 900 a
1040 859 1106 926 quo

89 943 270 1006 Naubolus
303 953 396 1005 natus
421 942 525 1004 lilium
552 941 666 1008 babuit
687 941 879 1024 Clytoneum
906 949 1033 1025 patrem
1061 941 1106 1002 al·

91 1046 201 1108 terius
222 1046 352 1129 Nauplii
372 1044 430 1121 (cf.
451 1045 562 1110 Sobel.
583 1044 697 1128 Eurip.
720 1043 781 1108 01⁴.
812 1045 887 1120 51),
921 1043 1012 1106 cuius
1044 1041 1104 1108 lilii

93 1149 287 1212 Palamedes
310 1157 346 1212 et
372 1147 466 1212 Oeax
488 1147 642 1212 dicuntur
662 1161 698 1212 et
717 1148 891 1212 Damastor
911 1147 1037 1234 aliquis,
1059 1147 1106 1210 cf.

90 1248 209 1312 80101.
229 1248 337 1331 Apoll.
364 1245 428 1308 Rh.
471 1247 528 1322 lV,
566 1265 650 1327 reor.
683 1253 719 1306 et
740 1245 848 1308 Stura.
880 1241 1105 1328 fragmrhe·

92 1369 166 1410 rec.
199 1367 226 1409 a.
246 1367 319 1431 pag.
340 1367 381 1431 7a
402 1368 474 1432 sqq.
516 1349 547 1408 A
579 1356 683 1409 matre
705 1347 885 1428 Amymone
915 1345 1105 1410 Palamedes

34 1521 47 1533 ‚
94 1452 268 1514 Belides
300 1452 421 1516 dicitur
442 1452 528 1536 apud
548 1455 639 1536 Virg.
661 1454 743 1516 Aen.
773 1456 810 1531 11,
842 1455 899 1532 805
927 1449 984 1514 ubi
1015 1452 1105 1514 nulla

94 1575 180 1636 opus
202 1563 254 1618 est
274 1553 511 1618 emendatione.
533 1557 748 1618 Hancautem
770 1565 871 1618 totam
884 1554 1104 1618 narrationem

32 1735 33 1740 γ
93 1649 262 1732 amgulare
284 1649 407 1736 aliquid
433 1651 467 1712 iu
496 1649 694 1730 00101000,
730 1651 818 1736 quod
853 1661 911 1716 aut
936 1653 1104 1735 propriam

31 1761 41 1843 ᾗ
95 1772 171 1822 eam
190 1753 291 1817 fuisse
310 1754 493 1816 incolarum
514 1754 580 1816 loci
599 1752 765 1817 cuiusdam
786 1768 843 1818 aut
863 1755 1022 1838 originem
1034 1754 1103 1818 eius

96 1879 167 1922 nou
194 1858 445 1943 antiquissimam
471 1857 595 1922 indicet
621 1859 782 1942 00100ςί0
811 1857 948 1922 credere
980 1857 1103 1937 lubeat,

30 1962 42 1974 ”
95 1963 235 2046 siquae
262 1971 411 2026 ceterum
440 1961 480 2024 de
502 1963 681 2045 1010000010
710 1962 884 2028 traduntur
911 1963 969 2042 (cs.
991 1961 1102 2026 Scbol.

97 2065 215 2146 Eurip.
236 2061 277 2124 ad
296 2062 421 2126 Pboen.
446 2063 525 2145 1863
562 2065 634 2147 088)
654 2065 878 2148 reputaveris,
910 2077 944 2128 et
972 2063 1102 2130 nomina

27 2151 40 2184 ²
101 2168 207 2232 omnia
240 2167 295 2230 illa
330 2167 488 2230 meierum
522 2167 704 2231 Palamedis
736 2169 945 2251 allegoricam
978 2166 1101 2230 101000

97 2268 366 2354 significationem
385 2272 579 2354 cogitaveris
588 2295 604 2354 3¹
632 2272 673 2336 de
702 2295 768 2360 qua
786 2274 971 2338 narratione
992 2286 1101 2338 autem

29 2377 39 2390 ”
94 2372 216 2442 certine
236 2370 362 2454 aliquid
383 2371 523 2438 definire
544 2396 610 2438 101
633 2375 747 2442 audeo.

26 2462 37 2494 '⁸
177 2479 367 2552 Palamedes
388 2482 497 2564 itaque
518 2481 676 2564 primum,
707 2495 745 2545 ut
763 2483 826 2544 iam
847 2503 947 2565 supra
968 2484 1034 2544 suis
1055 2485 1102 2546 lo-

104 2584 147 2650 010
160 2584 458 2665 commemorabam,
478 2586 662 2648 Menelaum
682 2594 759 2667 poet
774 2596 942 2669 acceptum
956 2583 1102 2668 derepta

25 2667 35 2704 ⁷²
95 2689 225 2760 Helena
258 2689 404 2756 nuntium
427 2689 609 2752 consolatus
631 2697 682 2750 est
703 2698 738 2751 et
765 2701 1008 2752 consternatum
1030 2710 1100 2754 ere·

25 2769 34 2858 i
95 2791 161 2870 xit,
189 2802 260 2851 tum
280 2791 313 2850 in
334 2789 450 2872 legatis
470 2788 550 2868 fuit,
582 2789 638 2875 qui
660 2790 790 2853 Troiam
811 2791 899 2852 missi
919 2801 1014 2874 sunt3
1046 2811 1099 2854 re·

25 2871 30 2908 'i
95 2917 208 2964 versut
242 2894 359 2960 deiude
394 2915 457 2977 pet·
483 2897 652 2958 Graeciam
682 2895 844 2960 delectum
873 2897 940 2980 egil
960 2898 1099 2960 militum

25 2981 29 3006 ²
97 2999 208 3074 (Serv.
228 2997 269 3061 ed
280 2999 363 3060 Aen.
385 2998 425 3075 11,
446 2999 513 3078 80),
535 2995 655 3078 Ulyssis
677 2997 856 3059 simulatam
877 2999 1030 3058 insaniam
1052 3010 1099 3059 nt·

94 3125 161 3192 que
193 3103 353 3168 Achillem
378 3105 413 3165 in
447 3103 601 3166 muliebri
635 3117 753 3168 ornatu
786 3103 1010 3168 absconditum
1043 3104 1098 3168 de·

92 3213 193 3293 texit3
216 3214 258 3278 cf.
278 3223 411 3298 praeter
432 3214 522 3275 locos
545 3233 643 3296 supra
664 3214 698 3276 ll.
722 3213 819 3276 Ovid.
840 3215 916 3275 Met.
939 3213 1097 3294 x111,36‚

92 3317 214 3382 Pacuv.
247 3339 297 3403 ap.
321 3321 385 3384 Cic.
408 3319 451 3378 lll
472 3317 531 3380 off.
559 3319 613 3398 203
635 3321 718 3400 Hyg.
749 3317 815 3379 105.
859 3319 938 3378 Cum
960 3321 1097 3400 Agame-

90 3443 191 3486 mnon
217 3444 276 3484 rex
303 3434 431 3484 creatus
465 3433 562 3500 esset,
583 3421 652 3504 ipse
674 3440 748 3482 cum
761 3419 919 3483 Diomede
938 3422 1097 3504 etUlysse

93 3525 269 3607 campestri
290 3524 450 3586 exercitui
471 3525 675 3606 praepositus
697 3533 758 3600 est,
782 3531 820 3583 ut
841 3524 927 3585 inter
950 3543 983 3584 se
1009 3523 1096 3584 diur-

90 3646 147 3688 nas
169 3626 416 3708 vigiliarumque
448 3626 536 3686 vices
559 3623 780 3706 dispertirem,
812 3625 899 3689 Diet.
920 3625 943 3702 1,
970 3623 1021 3704 163
1057 3624 1096 3684 ad

94 3729 242 3809 Cinyram
277 3727 358 3791 adeo
388 3729 528 3810 Cyprum
559 3729 672 3790 missus
709 3728 848 3806 dicitur,
882 3738 920 3789 ut
953 3746 1027 3786 eum
1057 3725 1097 3788 ad

93 3830 173 3894 belli
194 3832 384 3894 societatem
407 3830 603 3914 adduceret3
624 3830 773 3894 Eustath.
795 3829 836 3914 ³‘l
856 3831 893 3894 ll.
915 3835 942 3904 1,
965 3849 1003 3890 eo
1024 3849 1096 3916 sqq.

91 3939 188 4001 Paua.
211 3942 235 4018 1,
258 3939 287 4018 3,
310 3959 339 4004 a.
373 3939 438 4008 Sed
469 3941 603 4001 maxima
633 3941 700 4001 eius
730 3941 868 4000 extitere
890 3939 1042 4023 deinceps
1063 3941 1097 4000 in

92 4055 322 4126 congregatum
346 4043 547 4109 Graecorum
568 4043 747 4138 exercitum
766 4041 933 4106 beneficia.
959 4045 1097 4128 -lngenii
