<?xml version="1.0" encoding="UTF-8"?>
<!DOCTYPE html PUBLIC "-//W3C//DTD XHTML 1.0 Transitional//EN"
    "http://www.w3.org/TR/xhtml1/DTD/xhtml1-transitional.dtd">
<html xmlns="http://www.w3.org/1999/xhtml" xml:lang="en" lang="en">
 <head>
  <title>
</title>
<meta http-equiv="Content-Type" content="text/html;charset=utf-8" />
  <meta name='ocr-system' content='tesseract 3.04.00' />
  <meta name='ocr-capabilities' content='ocr_page ocr_carea ocr_par ocr_line ocrx_word'/>
</head>
<body>
  <div class='ocr_page' id='page_1' title='image "./devarietatefabu00fuchgoog_0033.png"; bbox 0 0 2722 4776; ppageno 0'>
   <div class='ocr_carea' id='block_1_1' title="bbox 668 397 869 461">
    <p class='ocr_par' dir='ltr' id='par_1_1' title="bbox 668 397 869 461">
     <span class='ocr_line' id='line_1_1' title="bbox 668 397 869 461; baseline -0.01 -17"><span class='ocrx_word' id='word_1_1' title='bbox 668 397 869 461; x_wconf 72' lang='lat'>..96...</span> 
     </span>
    </p>
   </div>
   <div class='ocr_carea' id='block_1_2' title="bbox 265 564 1350 1379">
    <p class='ocr_par' dir='ltr' id='par_1_2' title="bbox 265 564 1350 1379">
     <span class='ocr_line' id='line_1_2' title="bbox 267 564 1287 655; baseline -0.004 -25"><span class='ocrx_word' id='word_1_2' title='bbox 267 570 373 655; x_wconf 87' lang='lat' dir='ltr'><strong>qualia</strong></span> <span class='ocrx_word' id='word_1_3' title='bbox 394 579 500 632; x_wconf 87' lang='lat' dir='ltr'><strong>amant</strong></span> <span class='ocrx_word' id='word_1_4' title='bbox 521 578 649 651; x_wconf 88' lang='lat' dir='ltr'><strong>poetae,</strong></span> <span class='ocrx_word' id='word_1_5' title='bbox 670 565 906 628; x_wconf 86' lang='lat' dir='ltr'><strong>contrahuntur</strong></span> <span class='ocrx_word' id='word_1_6' title='bbox 927 565 968 630; x_wconf 87' lang='lat' dir='ltr'><strong>ab</strong></span> <span class='ocrx_word' id='word_1_7' title='bbox 990 564 1191 642; x_wconf 82' lang='lat' dir='ltr'><strong>auctoribus,</strong></span> <span class='ocrx_word' id='word_1_8' title='bbox 1216 565 1287 648; x_wconf 85' lang='lat' dir='ltr'><strong>qui</strong></span> 
     </span>
     <span class='ocr_line' id='line_1_3' title="bbox 265 669 1286 759; baseline -0.008 -23"><span class='ocrx_word' id='word_1_9' title='bbox 265 696 365 759; x_wconf 80' lang='lat' dir='ltr'><strong>prosa</strong></span> <span class='ocrx_word' id='word_1_10' title='bbox 386 674 535 736; x_wconf 90' lang='lat' dir='ltr'><strong>oratione</strong></span> <span class='ocrx_word' id='word_1_11' title='bbox 557 681 712 751; x_wconf 68' lang='lat' dir='ltr'><strong>utuntur,</strong></span> <span class='ocrx_word' id='word_1_12' title='bbox 744 669 869 730; x_wconf 80' lang='lat' dir='ltr'><strong>Batiam</strong></span> <span class='ocrx_word' id='word_1_13' title='bbox 896 689 1016 730; x_wconf 91' lang='lat' dir='ltr'><strong>nomen</strong></span> <span class='ocrx_word' id='word_1_14' title='bbox 1036 669 1104 730; x_wconf 81' lang='lat' dir='ltr'><strong>eins</strong></span> <span class='ocrx_word' id='word_1_15' title='bbox 1129 687 1167 728; x_wconf 87' lang='lat' dir='ltr'><strong>ex</strong></span> <span class='ocrx_word' id='word_1_16' title='bbox 1188 669 1286 731; x_wconf 90' lang='lat' dir='ltr'><strong>Hel-</strong></span> 
     </span>
     <span class='ocr_line' id='line_1_4' title="bbox 267 771 1287 857; baseline -0.01 -15"><span class='ocrx_word' id='word_1_17' title='bbox 267 782 373 842; x_wconf 89' lang='lat' dir='ltr'><strong>lanico</strong></span> <span class='ocrx_word' id='word_1_18' title='bbox 395 778 503 840; x_wconf 89' lang='lat' dir='ltr'><strong>Schol.</strong></span> <span class='ocrx_word' id='word_1_19' title='bbox 526 777 565 838; x_wconf 90' lang='lat' dir='ltr'><strong>ad</strong></span> <span class='ocrx_word' id='word_1_20' title='bbox 587 777 623 841; x_wconf 91' lang='lat' dir='ltr'><strong>ll.</strong></span> <span class='ocrx_word' id='word_1_21' title='bbox 643 801 675 854; x_wconf 79' lang='lat' dir='ltr'><strong>a,</strong></span> <span class='ocrx_word' id='word_1_22' title='bbox 698 774 768 851; x_wconf 77' lang='lat'><strong>236,</strong></span> <span class='ocrx_word' id='word_1_23' title='bbox 793 795 890 857; x_wconf 90' lang='lat' dir='ltr'><strong>quem</strong></span> <span class='ocrx_word' id='word_1_24' title='bbox 918 775 1028 836; x_wconf 89' lang='lat' dir='ltr'><strong>locum</strong></span> <span class='ocrx_word' id='word_1_25' title='bbox 1048 771 1156 838; x_wconf 81' lang='lat' dir='ltr'><strong>omisit</strong></span> <span class='ocrx_word' id='word_1_26' title='bbox 1177 772 1287 834; x_wconf 85' lang='lat' dir='ltr'><strong>Stur-</strong></span> 
     </span>
     <span class='ocr_line' id='line_1_5' title="bbox 272 871 1287 965; baseline -0.007 -19"><span class='ocrx_word' id='word_1_27' title='bbox 272 887 351 964; x_wconf 79' lang='lat' dir='ltr'><strong>zius,</strong></span> <span class='ocrx_word' id='word_1_28' title='bbox 373 883 487 965; x_wconf 68' lang='lat' dir='ltr'><strong>affert,</strong></span> <span class='ocrx_word' id='word_1_29' title='bbox 518 871 561 944; x_wconf 84' lang='lat' dir='ltr'><strong>cf.</strong></span> <span class='ocrx_word' id='word_1_30' title='bbox 583 881 697 964; x_wconf 74' lang='lat' dir='ltr'><strong>steph.</strong></span> <span class='ocrx_word' id='word_1_31' title='bbox 718 883 796 960; x_wconf 82' lang='lat' dir='ltr'><strong>Byz.</strong></span> <span class='ocrx_word' id='word_1_32' title='bbox 825 901 850 944; x_wconf 85' lang='lat' dir='ltr'><strong>a.</strong></span> <span class='ocrx_word' id='word_1_33' title='bbox 871 901 902 944; x_wconf 80' lang='lat' dir='ltr'><strong>v.</strong></span> <span class='ocrx_word' id='word_1_34' title='bbox 936 873 1128 961; x_wconf 67' lang='grc' dir='ltr'><strong>Δάρδανος,</strong></span> <span class='ocrx_word' id='word_1_35' title='bbox 1162 876 1287 939; x_wconf 82' lang='lat' dir='ltr'><strong>Schol.</strong></span> 
     </span>
     <span class='ocr_line' id='line_1_6' title="bbox 272 909 1350 1070; baseline -0.01 -18"><span class='ocrx_word' id='word_1_36' title='bbox 272 989 313 1052; x_wconf 90' lang='lat' dir='ltr'><strong>ad</strong></span> <span class='ocrx_word' id='word_1_37' title='bbox 335 993 371 1056; x_wconf 89' lang='grc' dir='ltr'><strong>ΙΙ.</strong></span> <span class='ocrx_word' id='word_1_38' title='bbox 393 993 423 1070; x_wconf 80' lang='grc' dir='ltr'><strong>β,</strong></span> <span class='ocrx_word' id='word_1_39' title='bbox 445 989 516 1051; x_wconf 85' lang='grc' dir='ltr'><strong>8ι3.</strong></span> <span class='ocrx_word' id='word_1_40' title='bbox 536 988 630 1051; x_wconf 86' lang='lat' dir='ltr'><strong>Serv.</strong></span> <span class='ocrx_word' id='word_1_41' title='bbox 651 985 691 1046; x_wconf 89' lang='lat' dir='ltr'><strong>ad</strong></span> <span class='ocrx_word' id='word_1_42' title='bbox 712 985 794 1049; x_wconf 80' lang='lat' dir='ltr'><strong>Aen.</strong></span> <span class='ocrx_word' id='word_1_43' title='bbox 815 987 839 1061; x_wconf 88' lang='grc' dir='ltr'><strong>Ι,</strong></span> <span class='ocrx_word' id='word_1_44' title='bbox 861 983 911 1048; x_wconf 77' lang='lat'><strong>38,</strong></span> <span class='ocrx_word' id='word_1_45' title='bbox 927 980 1025 1045; x_wconf 88' lang='lat' dir='ltr'><strong>Diod.</strong></span> <span class='ocrx_word' id='word_1_46' title='bbox 1037 983 1059 1046; x_wconf 89' lang='lat' dir='ltr'><strong>l.</strong></span> <span class='ocrx_word' id='word_1_47' title='bbox 1072 982 1096 1042; x_wconf 85' lang='lat'><strong>1.</strong></span> <span class='ocrx_word' id='word_1_48' title='bbox 1114 1015 1154 1027; x_wconf 92' lang='grc'>-</span> <span class='ocrx_word' id='word_1_49' title='bbox 1178 979 1289 1042; x_wconf 86' lang='lat' dir='ltr'><strong>Ari·</strong></span> <span class='ocrx_word' id='word_1_50' title='bbox 1348 909 1350 1024; x_wconf 80' lang='lat' dir='ltr'><strong>i</strong></span> 
     </span>
     <span class='ocr_line' id='line_1_7' title="bbox 270 1083 1289 1178; baseline -0.011 -22"><span class='ocrx_word' id='word_1_51' title='bbox 270 1097 386 1172; x_wconf 80' lang='lat' dir='ltr'><strong>eben,</strong></span> <span class='ocrx_word' id='word_1_52' title='bbox 408 1113 504 1178; x_wconf 88' lang='lat' dir='ltr'><strong>quam</strong></span> <span class='ocrx_word' id='word_1_53' title='bbox 525 1100 663 1174; x_wconf 87' lang='lat' dir='ltr'><strong>propter</strong></span> <span class='ocrx_word' id='word_1_54' title='bbox 676 1102 803 1171; x_wconf 86' lang='lat' dir='ltr'><strong>patrem</strong></span> <span class='ocrx_word' id='word_1_55' title='bbox 824 1091 988 1149; x_wconf 84' lang='lat' dir='ltr'><strong>Teucrum</strong></span> <span class='ocrx_word' id='word_1_56' title='bbox 1009 1083 1206 1166; x_wconf 88' lang='lat' dir='ltr'><strong>Lycophron</strong></span> <span class='ocrx_word' id='word_1_57' title='bbox 1232 1083 1289 1164; x_wconf 82' lang='lat' dir='ltr'><strong>(v.</strong></span> 
     </span>
     <span class='ocr_line' id='line_1_8' title="bbox 274 1187 1288 1277; baseline -0.013 -17"><span class='ocrx_word' id='word_1_58' title='bbox 274 1198 366 1277; x_wconf 82' lang='lat'>1308)</span> <span class='ocrx_word' id='word_1_59' title='bbox 396 1195 557 1255; x_wconf 82' lang='lat' dir='ltr'><strong>Creticam</strong></span> <span class='ocrx_word' id='word_1_60' title='bbox 588 1191 732 1276; x_wconf 84' lang='lat' dir='ltr'><strong>puellam</strong></span> <span class='ocrx_word' id='word_1_61' title='bbox 762 1189 920 1264; x_wconf 89' lang='lat' dir='ltr'><strong>nominat,</strong></span> <span class='ocrx_word' id='word_1_62' title='bbox 956 1188 1017 1250; x_wconf 86' lang='lat' dir='ltr'><strong>etsi</strong></span> <span class='ocrx_word' id='word_1_63' title='bbox 1049 1187 1110 1248; x_wconf 84' lang='lat' dir='ltr'><strong>alia</strong></span> <span class='ocrx_word' id='word_1_64' title='bbox 1138 1197 1288 1269; x_wconf 89' lang='lat' dir='ltr'><strong>q&#39;uoque</strong></span> 
     </span>
     <span class='ocr_line' id='line_1_9' title="bbox 270 1293 1284 1379; baseline -0.008 -15"><span class='ocrx_word' id='word_1_65' title='bbox 270 1302 413 1364; x_wconf 87' lang='lat' dir='ltr'><strong>narratio</strong></span> <span class='ocrx_word' id='word_1_66' title='bbox 426 1300 544 1379; x_wconf 85' lang='lat' dir='ltr'><strong>fertur,</strong></span> <span class='ocrx_word' id='word_1_67' title='bbox 559 1304 722 1362; x_wconf 79' lang='lat' dir='ltr'><strong>Teucrum</strong></span> <span class='ocrx_word' id='word_1_68' title='bbox 735 1295 921 1360; x_wconf 85' lang='lat' dir='ltr'><strong>Scamandri</strong></span> <span class='ocrx_word' id='word_1_69' title='bbox 935 1307 968 1356; x_wconf 85' lang='lat' dir='ltr'><strong>et</strong></span> <span class='ocrx_word' id='word_1_70' title='bbox 980 1294 1093 1354; x_wconf 84' lang='lat' dir='ltr'><strong>Idaeae</strong></span> <span class='ocrx_word' id='word_1_71' title='bbox 1105 1293 1284 1376; x_wconf 82' lang='lat' dir='ltr'><strong>Nymphae</strong></span> 
     </span>
    </p>
   </div>
   <div class='ocr_carea' id='block_1_3' title="bbox 269 1403 1283 1799">
    <p class='ocr_par' dir='ltr' id='par_1_3' title="bbox 269 1403 1283 1799">
     <span class='ocr_line' id='line_1_10' title="bbox 269 1403 1283 1491; baseline -0.005 -23"><span class='ocrx_word' id='word_1_72' title='bbox 269 1407 372 1469; x_wconf 88' lang='lat' dir='ltr'><strong>filium</strong></span> <span class='ocrx_word' id='word_1_73' title='bbox 401 1409 500 1470; x_wconf 85' lang='lat' dir='ltr'><strong>fuisse</strong></span> <span class='ocrx_word' id='word_1_74' title='bbox 530 1409 591 1484; x_wconf 82' lang='lat' dir='ltr'><strong>(cf.</strong></span> <span class='ocrx_word' id='word_1_75' title='bbox 620 1429 703 1491; x_wconf 90' lang='lat' dir='ltr'><strong>quae</strong></span> <span class='ocrx_word' id='word_1_76' title='bbox 737 1407 830 1470; x_wconf 85' lang='lat' dir='ltr'><strong>Serv.</strong></span> <span class='ocrx_word' id='word_1_77' title='bbox 860 1403 900 1464; x_wconf 91' lang='lat' dir='ltr'><strong>ad</strong></span> <span class='ocrx_word' id='word_1_78' title='bbox 927 1403 1009 1464; x_wconf 84' lang='lat' dir='ltr'><strong>Aen.</strong></span> <span class='ocrx_word' id='word_1_79' title='bbox 1041 1404 1102 1480; x_wconf 87' lang='lat'><strong>111,</strong></span> <span class='ocrx_word' id='word_1_80' title='bbox 1137 1403 1196 1464; x_wconf 86' lang='lat'><strong>108</strong></span> <span class='ocrx_word' id='word_1_81' title='bbox 1239 1421 1283 1463; x_wconf 84' lang='lat' dir='ltr'><strong>ex</strong></span> 
     </span>
     <span class='ocr_line' id='line_1_11' title="bbox 270 1508 1278 1594; baseline -0.002 -22"><span class='ocrx_word' id='word_1_82' title='bbox 270 1511 425 1594; x_wconf 84' lang='lat' dir='ltr'><strong>Apollod.</strong></span> <span class='ocrx_word' id='word_1_83' title='bbox 447 1513 496 1589; x_wconf 85' lang='lat' dir='ltr'><strong>lli,</strong></span> <span class='ocrx_word' id='word_1_84' title='bbox 521 1531 567 1591; x_wconf 80' lang='lat'><strong>12,</strong></span> <span class='ocrx_word' id='word_1_85' title='bbox 593 1536 605 1573; x_wconf 88' lang='lat'>1</span> <span class='ocrx_word' id='word_1_86' title='bbox 631 1523 665 1576; x_wconf 87' lang='lat' dir='ltr'><strong>et</strong></span> <span class='ocrx_word' id='word_1_87' title='bbox 686 1511 782 1577; x_wconf 84' lang='lat' dir='ltr'><strong>Diod.</strong></span> <span class='ocrx_word' id='word_1_88' title='bbox 803 1513 858 1590; x_wconf 83' lang='lat' dir='ltr'><strong>lv,</strong></span> <span class='ocrx_word' id='word_1_89' title='bbox 880 1531 912 1593; x_wconf 86' lang='lat' dir='ltr'><strong>p.</strong></span> <span class='ocrx_word' id='word_1_90' title='bbox 934 1511 994 1572; x_wconf 80' lang='lat'><strong>318</strong></span> <span class='ocrx_word' id='word_1_91' title='bbox 1014 1508 1150 1589; x_wconf 87' lang='lat' dir='ltr'><strong>narrat),</strong></span> <span class='ocrx_word' id='word_1_92' title='bbox 1180 1508 1278 1570; x_wconf 84' lang='lat' dir='ltr'><strong>Aris-</strong></span> 
     </span>
     <span class='ocr_line' id='line_1_12' title="bbox 270 1611 1275 1698; baseline -0.002 -22"><span class='ocrx_word' id='word_1_93' title='bbox 270 1616 336 1676; x_wconf 89' lang='lat' dir='ltr'><strong>hen</strong></span> <span class='ocrx_word' id='word_1_94' title='bbox 358 1615 457 1698; x_wconf 80' lang='lat' dir='ltr'><strong>igitur</strong></span> <span class='ocrx_word' id='word_1_95' title='bbox 477 1611 621 1677; x_wconf 76' lang='lat' dir='ltr'><strong>Dirdani</strong></span> <span class='ocrx_word' id='word_1_96' title='bbox 642 1636 777 1676; x_wconf 84' lang='lat' dir='ltr'><strong>uxorem</strong></span> <span class='ocrx_word' id='word_1_97' title='bbox 791 1613 904 1694; x_wconf 89' lang='lat' dir='ltr'><strong>Steph.</strong></span> <span class='ocrx_word' id='word_1_98' title='bbox 917 1617 995 1696; x_wconf 84' lang='lat' dir='ltr'><strong>Byz.</strong></span> <span class='ocrx_word' id='word_1_99' title='bbox 1017 1634 1040 1677; x_wconf 87' lang='lat' dir='ltr'><strong>s.</strong></span> <span class='ocrx_word' id='word_1_100' title='bbox 1058 1633 1090 1677; x_wconf 81' lang='lat' dir='ltr'><strong>v.</strong></span> <span class='ocrx_word' id='word_1_101' title='bbox 1112 1623 1146 1674; x_wconf 91' lang='lat' dir='ltr'><strong>et</strong></span> <span class='ocrx_word' id='word_1_102' title='bbox 1161 1617 1275 1675; x_wconf 87' lang='lat' dir='ltr'><strong>Tzctz.</strong></span> 
     </span>
     <span class='ocr_line' id='line_1_13' title="bbox 273 1697 1279 1799; baseline 0.002 -22"><span class='ocrx_word' id='word_1_103' title='bbox 273 1715 313 1777; x_wconf 92' lang='lat' dir='ltr'><strong>ad</strong></span> <span class='ocrx_word' id='word_1_104' title='bbox 334 1719 413 1798; x_wconf 81' lang='lat' dir='ltr'><strong>Lyc.</strong></span> <span class='ocrx_word' id='word_1_105' title='bbox 435 1737 483 1799; x_wconf 81' lang='lat'><strong>29,</strong></span> <span class='ocrx_word' id='word_1_106' title='bbox 508 1719 597 1797; x_wconf 78' lang='lat'><strong>1308,</strong></span> <span class='ocrx_word' id='word_1_107' title='bbox 619 1718 801 1795; x_wconf 87' lang='lat' dir='ltr'><strong>nominant,</strong></span> <span class='ocrx_word' id='word_1_108' title='bbox 832 1697 1050 1779; x_wconf 81' lang='lat' dir='ltr'><strong>Olizonam</strong></span> <span class='ocrx_word' id='word_1_109' title='bbox 1071 1728 1179 1778; x_wconf 86' lang='lat' dir='ltr'><strong>autem</strong></span> <span class='ocrx_word' id='word_1_110' title='bbox 1200 1717 1279 1779; x_wconf 88' lang='lat' dir='ltr'><strong>Phi-</strong></span> 
     </span>
    </p>
   </div>
   <div class='ocr_carea' id='block_1_4' title="bbox 164 1814 1281 1997">
    <p class='ocr_par' dir='ltr' id='par_1_4' title="bbox 164 1814 1281 1997">
     <span class='ocr_line' id='line_1_14' title="bbox 164 1814 1281 1896; baseline 0.002 -17"><span class='ocrx_word' id='word_1_111' title='bbox 164 1821 168 1834; x_wconf 66' lang='lat'><em>*</em></span> <span class='ocrx_word' id='word_1_112' title='bbox 269 1817 324 1879; x_wconf 87' lang='lat' dir='ltr'><strong>nei</strong></span> <span class='ocrx_word' id='word_1_113' title='bbox 344 1815 442 1877; x_wconf 89' lang='lat' dir='ltr'><strong>filiam</strong></span> <span class='ocrx_word' id='word_1_114' title='bbox 454 1819 542 1880; x_wconf 86' lang='lat' dir='ltr'><strong>Dict.</strong></span> <span class='ocrx_word' id='word_1_115' title='bbox 558 1820 646 1879; x_wconf 84' lang='lat' dir='ltr'><strong>Cret.</strong></span> <span class='ocrx_word' id='word_1_116' title='bbox 671 1819 724 1896; x_wconf 81' lang='lat' dir='ltr'><strong>tv,</strong></span> <span class='ocrx_word' id='word_1_117' title='bbox 745 1835 793 1877; x_wconf 78' lang='lat' dir='ltr'><strong>aa.</strong></span> <span class='ocrx_word' id='word_1_118' title='bbox 811 1817 906 1878; x_wconf 88' lang='lat' dir='ltr'><strong>Urbis</strong></span> <span class='ocrx_word' id='word_1_119' title='bbox 926 1837 1042 1880; x_wconf 81' lang='lat' dir='ltr'><strong>verum</strong></span> <span class='ocrx_word' id='word_1_120' title='bbox 1063 1814 1182 1881; x_wconf 76' lang='lat' dir='ltr'><strong>nomen</strong></span> <span class='ocrx_word' id='word_1_121' title='bbox 1193 1819 1281 1881; x_wconf 89' lang='lat' dir='ltr'><strong>Dar-</strong></span> 
     </span>
     <span class='ocr_line' id='line_1_15' title="bbox 269 1912 1281 1997; baseline 0.002 -22"><span class='ocrx_word' id='word_1_122' title='bbox 269 1915 370 1975; x_wconf 90' lang='lat' dir='ltr'><strong>danus</strong></span> <span class='ocrx_word' id='word_1_123' title='bbox 394 1925 455 1993; x_wconf 90' lang='lat' dir='ltr'><strong>cst,</strong></span> <span class='ocrx_word' id='word_1_124' title='bbox 477 1928 511 1978; x_wconf 88' lang='lat' dir='ltr'><strong>et</strong></span> <span class='ocrx_word' id='word_1_125' title='bbox 532 1915 578 1975; x_wconf 88' lang='lat' dir='ltr'><strong>aio</strong></span> <span class='ocrx_word' id='word_1_126' title='bbox 596 1914 714 1976; x_wconf 85' lang='lat' dir='ltr'><strong>Strabo</strong></span> <span class='ocrx_word' id='word_1_127' title='bbox 737 1922 772 1974; x_wconf 87' lang='lat' dir='ltr'><strong>ct</strong></span> <span class='ocrx_word' id='word_1_128' title='bbox 793 1912 959 1976; x_wconf 85' lang='lat' dir='ltr'><strong>Diodorus</strong></span> <span class='ocrx_word' id='word_1_129' title='bbox 982 1915 1158 1997; x_wconf 77' lang='lat' dir='ltr'><strong>scripsere,</strong></span> <span class='ocrx_word' id='word_1_130' title='bbox 1191 1916 1281 1977; x_wconf 88' lang='lat' dir='ltr'><strong>Dar-</strong></span> 
     </span>
    </p>
   </div>
   <div class='ocr_carea' id='block_1_5' title="bbox 248 2013 1354 4172">
    <p class='ocr_par' dir='ltr' id='par_1_5' title="bbox 248 2013 1354 4172">
     <span class='ocr_line' id='line_1_16' title="bbox 269 2013 1282 2093; baseline 0.003 -18"><span class='ocrx_word' id='word_1_131' title='bbox 269 2013 364 2076; x_wconf 85' lang='lat' dir='ltr'><strong>dania</strong></span> <span class='ocrx_word' id='word_1_132' title='bbox 384 2025 492 2076; x_wconf 89' lang='lat' dir='ltr'><strong>tamen</strong></span> <span class='ocrx_word' id='word_1_133' title='bbox 514 2015 611 2076; x_wconf 89' lang='lat' dir='ltr'><strong>etiam</strong></span> <span class='ocrx_word' id='word_1_134' title='bbox 634 2013 751 2076; x_wconf 88' lang='lat' dir='ltr'><strong>dicitur</strong></span> <span class='ocrx_word' id='word_1_135' title='bbox 772 2035 862 2077; x_wconf 90' lang='lat' dir='ltr'><strong>more</strong></span> <span class='ocrx_word' id='word_1_136' title='bbox 885 2023 983 2093; x_wconf 89' lang='lat' dir='ltr'><strong>noto,</strong></span> <span class='ocrx_word' id='word_1_137' title='bbox 1012 2028 1050 2077; x_wconf 89' lang='lat' dir='ltr'><strong>ut</strong></span> <span class='ocrx_word' id='word_1_138' title='bbox 1081 2014 1282 2079; x_wconf 87' lang='lat' dir='ltr'><strong>adiectivum</strong></span> 
     </span>
     <span class='ocr_line' id='line_1_17' title="bbox 268 2099 1276 2200; baseline 0.005 -23"><span class='ocrx_word' id='word_1_139' title='bbox 268 2129 410 2196; x_wconf 85' lang='lat' dir='ltr'><strong>ponatur</strong></span> <span class='ocrx_word' id='word_1_140' title='bbox 441 2139 507 2182; x_wconf 88' lang='lat' dir='ltr'><strong>non</strong></span> <span class='ocrx_word' id='word_1_141' title='bbox 536 2119 645 2181; x_wconf 91' lang='lat' dir='ltr'><strong>addito</strong></span> <span class='ocrx_word' id='word_1_142' title='bbox 669 2099 888 2181; x_wconf 28' lang='lat' dir='ltr'><strong>‘substantivo</strong></span> <span class='ocrx_word' id='word_1_143' title='bbox 921 2114 1026 2191; x_wconf 81' lang='grc' dir='ltr'><strong><em>πόλις.</em></strong></span> <span class='ocrx_word' id='word_1_144' title='bbox 1075 2117 1276 2200; x_wconf 88' lang='lat' dir='ltr'><strong>Thymbram</strong></span> 
     </span>
     <span class='ocr_line' id='line_1_18' title="bbox 272 2220 1278 2302; baseline 0.003 -21"><span class='ocrx_word' id='word_1_145' title='bbox 272 2240 405 2302; x_wconf 87' lang='lat' dir='ltr'><strong>quoque</strong></span> <span class='ocrx_word' id='word_1_146' title='bbox 427 2221 589 2286; x_wconf 90' lang='lat' dir='ltr'><strong>conditam</strong></span> <span class='ocrx_word' id='word_1_147' title='bbox 611 2223 651 2283; x_wconf 89' lang='lat' dir='ltr'><strong>ah</strong></span> <span class='ocrx_word' id='word_1_148' title='bbox 673 2243 713 2284; x_wconf 90' lang='lat' dir='ltr'><strong>eo</strong></span> <span class='ocrx_word' id='word_1_149' title='bbox 736 2221 857 2283; x_wconf 86' lang='lat' dir='ltr'><strong>dicunt.</strong></span> <span class='ocrx_word' id='word_1_150' title='bbox 900 2220 1014 2302; x_wconf 87' lang='lat' dir='ltr'><strong>Steph.</strong></span> <span class='ocrx_word' id='word_1_151' title='bbox 1035 2223 1113 2302; x_wconf 83' lang='lat' dir='ltr'><strong>Byz.</strong></span> <span class='ocrx_word' id='word_1_152' title='bbox 1141 2241 1167 2282; x_wconf 83' lang='lat' dir='ltr'><strong>a.</strong></span> <span class='ocrx_word' id='word_1_153' title='bbox 1189 2241 1221 2284; x_wconf 74' lang='lat' dir='ltr'><strong>v.</strong></span> <span class='ocrx_word' id='word_1_154' title='bbox 1242 2235 1278 2284; x_wconf 88' lang='lat' dir='ltr'><strong>et</strong></span> 
     </span>
     <span class='ocr_line' id='line_1_19' title="bbox 271 2323 1274 2412; baseline 0.008 -30"><span class='ocrx_word' id='word_1_155' title='bbox 271 2323 365 2384; x_wconf 80' lang='lat' dir='ltr'><strong>Euat.</strong></span> <span class='ocrx_word' id='word_1_156' title='bbox 399 2323 439 2383; x_wconf 89' lang='lat' dir='ltr'><strong>ad</strong></span> <span class='ocrx_word' id='word_1_157' title='bbox 461 2325 497 2384; x_wconf 89' lang='lat' dir='ltr'><strong>ll.</strong></span> <span class='ocrx_word' id='word_1_158' title='bbox 524 2350 557 2400; x_wconf 86' lang='grc' dir='ltr'><strong>κ,</strong></span> <span class='ocrx_word' id='word_1_159' title='bbox 582 2327 654 2398; x_wconf 78' lang='grc'><strong>430.</strong></span> <span class='ocrx_word' id='word_1_160' title='bbox 701 2327 857 2392; x_wconf 86' lang='lat' dir='ltr'><strong>Scholion</strong></span> <span class='ocrx_word' id='word_1_161' title='bbox 888 2325 928 2386; x_wconf 90' lang='lat' dir='ltr'><strong>ad</strong></span> <span class='ocrx_word' id='word_1_162' title='bbox 956 2329 992 2388; x_wconf 90' lang='lat' dir='ltr'><strong>Il.</strong></span> <span class='ocrx_word' id='word_1_163' title='bbox 1021 2352 1052 2407; x_wconf 85' lang='lat' dir='ltr'><strong>v,</strong></span> <span class='ocrx_word' id='word_1_164' title='bbox 1076 2326 1144 2405; x_wconf 73' lang='lat'><strong>236,</strong></span> <span class='ocrx_word' id='word_1_165' title='bbox 1180 2329 1274 2412; x_wconf 88' lang='lat' dir='ltr'><strong>quale</strong></span> 
     </span>
     <span class='ocr_line' id='line_1_20' title="bbox 273 2423 1272 2516; baseline 0.004 -32"><span class='ocrx_word' id='word_1_166' title='bbox 273 2442 360 2484; x_wconf 86' lang='lat' dir='ltr'><strong>nnnc</strong></span> <span class='ocrx_word' id='word_1_167' title='bbox 383 2423 522 2506; x_wconf 84' lang='lat' dir='ltr'><strong>legitur,</strong></span> <span class='ocrx_word' id='word_1_168' title='bbox 545 2426 585 2487; x_wconf 90' lang='lat' dir='ltr'><strong>ad</strong></span> <span class='ocrx_word' id='word_1_169' title='bbox 608 2449 680 2489; x_wconf 90' lang='lat' dir='ltr'><strong>eum</strong></span> <span class='ocrx_word' id='word_1_170' title='bbox 701 2447 834 2488; x_wconf 81' lang='lat' dir='ltr'><strong>versum</strong></span> <span class='ocrx_word' id='word_1_171' title='bbox 856 2426 986 2490; x_wconf 90' lang='lat' dir='ltr'><strong>omnino</strong></span> <span class='ocrx_word' id='word_1_172' title='bbox 1015 2429 1183 2516; x_wconf 85' lang='lat' dir='ltr'><strong>pertinere</strong></span> <span class='ocrx_word' id='word_1_173' title='bbox 1211 2450 1272 2489; x_wconf 91' lang='lat' dir='ltr'><strong>non</strong></span> 
     </span>
     <span class='ocr_line' id='line_1_21' title="bbox 274 2531 1274 2615; baseline -0.001 -22"><span class='ocrx_word' id='word_1_174' title='bbox 274 2539 404 2614; x_wconf 86' lang='lat' dir='ltr'><strong>potest,</strong></span> <span class='ocrx_word' id='word_1_175' title='bbox 433 2531 490 2594; x_wconf 82' lang='lat' dir='ltr'><strong>aed</strong></span> <span class='ocrx_word' id='word_1_176' title='bbox 512 2532 552 2593; x_wconf 88' lang='lat' dir='ltr'><strong>ad</strong></span> <span class='ocrx_word' id='word_1_177' title='bbox 582 2553 713 2595; x_wconf 88' lang='lat' dir='ltr'><strong>versum</strong></span> <span class='ocrx_word' id='word_1_178' title='bbox 748 2533 807 2597; x_wconf 73' lang='lat'><strong>215</strong></span> <span class='ocrx_word' id='word_1_179' title='bbox 837 2542 886 2593; x_wconf 83' lang='lat' dir='ltr'><strong>eat</strong></span> <span class='ocrx_word' id='word_1_180' title='bbox 912 2533 1141 2615; x_wconf 80' lang='lat' dir='ltr'><strong>referendum3</strong></span> <span class='ocrx_word' id='word_1_181' title='bbox 1175 2533 1274 2594; x_wconf 86' lang='lat' dir='ltr'><strong>altera</strong></span> 
     </span>
     <span class='ocr_line' id='line_1_22' title="bbox 277 2633 1272 2718; baseline -0.004 -22"><span class='ocrx_word' id='word_1_182' title='bbox 277 2645 385 2696; x_wconf 82' lang='lat' dir='ltr'><strong>autern</strong></span> <span class='ocrx_word' id='word_1_183' title='bbox 409 2655 483 2716; x_wconf 84' lang='lat' dir='ltr'><strong>para</strong></span> <span class='ocrx_word' id='word_1_184' title='bbox 506 2635 546 2695; x_wconf 89' lang='lat' dir='ltr'><strong>dc</strong></span> <span class='ocrx_word' id='word_1_185' title='bbox 557 2633 720 2714; x_wconf 88' lang='lat' dir='ltr'><strong>Eurydice</strong></span> <span class='ocrx_word' id='word_1_186' title='bbox 739 2641 832 2694; x_wconf 87' lang='lat' dir='ltr'><strong>recte</strong></span> <span class='ocrx_word' id='word_1_187' title='bbox 852 2634 898 2695; x_wconf 87' lang='lat' dir='ltr'><strong>ihi</strong></span> <span class='ocrx_word' id='word_1_188' title='bbox 917 2635 1047 2718; x_wconf 83' lang='lat' dir='ltr'><strong>legitur,</strong></span> <span class='ocrx_word' id='word_1_189' title='bbox 1069 2635 1109 2696; x_wconf 88' lang='lat' dir='ltr'><strong>dc</strong></span> <span class='ocrx_word' id='word_1_190' title='bbox 1132 2636 1177 2696; x_wconf 91' lang='lat' dir='ltr'><strong>llo</strong></span> <span class='ocrx_word' id='word_1_191' title='bbox 1192 2635 1272 2695; x_wconf 90' lang='lat' dir='ltr'><strong>enim</strong></span> 
     </span>
     <span class='ocr_line' id='line_1_23' title="bbox 248 2738 1266 2824; baseline -0.005 -20"><span class='ocrx_word' id='word_1_192' title='bbox 248 2747 382 2804; x_wconf 64' lang='lat' dir='ltr'><strong>“sermo</strong></span> <span class='ocrx_word' id='word_1_193' title='bbox 405 2753 464 2818; x_wconf 89' lang='lat' dir='ltr'><strong>est,</strong></span> <span class='ocrx_word' id='word_1_194' title='bbox 484 2741 559 2802; x_wconf 91' lang='lat' dir='ltr'><strong>hinc</strong></span> <span class='ocrx_word' id='word_1_195' title='bbox 581 2741 708 2824; x_wconf 80' lang='lat' dir='ltr'><strong>corrige</strong></span> <span class='ocrx_word' id='word_1_196' title='bbox 730 2739 848 2821; x_wconf 87' lang='lat' dir='ltr'><strong>Heynii</strong></span> <span class='ocrx_word' id='word_1_197' title='bbox 869 2739 1109 2818; x_wconf 81' lang='lat' dir='ltr'><strong>adnotationem</strong></span> <span class='ocrx_word' id='word_1_198' title='bbox 1122 2738 1266 2820; x_wconf 84' lang='lat' dir='ltr'><strong>adApol-</strong></span> 
     </span>
     <span class='ocr_line' id='line_1_24' title="bbox 272 2839 620 2924; baseline -0.006 -18"><span class='ocrx_word' id='word_1_199' title='bbox 272 2839 343 2906; x_wconf 86' lang='lat' dir='ltr'><strong>lod.</strong></span> <span class='ocrx_word' id='word_1_200' title='bbox 366 2842 420 2918; x_wconf 87' lang='grc' dir='ltr'><strong>ΙΙΙ,</strong></span> <span class='ocrx_word' id='word_1_201' title='bbox 446 2843 620 2924; x_wconf 67' lang='lat' dir='ltr'><strong>12,§.1rt</strong></span> 
     </span>
     <span class='ocr_line' id='line_1_25' title="bbox 354 2945 1275 3033; baseline -0.002 -27"><span class='ocrx_word' id='word_1_202' title='bbox 354 2945 643 3008; x_wconf 79' lang='lat' dir='ltr'><strong>Erichthonius</strong></span> <span class='ocrx_word' id='word_1_203' title='bbox 676 2946 829 3008; x_wconf 89' lang='lat' dir='ltr'><strong>Dardano</strong></span> <span class='ocrx_word' id='word_1_204' title='bbox 852 2947 1027 3024; x_wconf 84' lang='lat' dir='ltr'><strong>successit,</strong></span> <span class='ocrx_word' id='word_1_205' title='bbox 1060 2947 1118 3033; x_wconf 89' lang='lat' dir='ltr'><strong>qui</strong></span> <span class='ocrx_word' id='word_1_206' title='bbox 1140 2945 1275 3028; x_wconf 85' lang='lat' dir='ltr'><strong>opulen-</strong></span> 
     </span>
     <span class='ocr_line' id='line_1_26' title="bbox 272 3047 1354 3134; baseline 0.003 -24"><span class='ocrx_word' id='word_1_207' title='bbox 272 3047 414 3110; x_wconf 85' lang='lat' dir='ltr'><strong>tissimus</strong></span> <span class='ocrx_word' id='word_1_208' title='bbox 450 3049 636 3111; x_wconf 87' lang='lat' dir='ltr'><strong>mortalium</strong></span> <span class='ocrx_word' id='word_1_209' title='bbox 668 3061 746 3112; x_wconf 89' lang='lat' dir='ltr'><strong>tunc</strong></span> <span class='ocrx_word' id='word_1_210' title='bbox 777 3049 931 3134; x_wconf 85' lang='lat' dir='ltr'><strong>temporis</strong></span> <span class='ocrx_word' id='word_1_211' title='bbox 968 3047 1047 3128; x_wconf 83' lang='lat' dir='ltr'><strong>erat,</strong></span> <span class='ocrx_word' id='word_1_212' title='bbox 1082 3051 1119 3110; x_wconf 92' lang='grc' dir='ltr'><strong>ΙΙ.</strong></span> <span class='ocrx_word' id='word_1_213' title='bbox 1150 3073 1181 3126; x_wconf 81' lang='lat' dir='ltr'><strong>c,</strong></span> <span class='ocrx_word' id='word_1_214' title='bbox 1205 3067 1277 3128; x_wconf 77' lang='lat' dir='ltr'><strong>cao,</strong></span> <span class='ocrx_word' id='word_1_215' title='bbox 1353 3081 1354 3086; x_wconf 43' lang='lat'>¹</span> 
     </span>
     <span class='ocr_line' id='line_1_27' title="bbox 272 3151 1278 3240; baseline 0.002 -28"><span class='ocrx_word' id='word_1_216' title='bbox 272 3151 469 3220; x_wconf 85' lang='lat' dir='ltr'><strong>Strabonem</strong></span> <span class='ocrx_word' id='word_1_217' title='bbox 490 3153 610 3238; x_wconf 88' lang='lat' dir='ltr'><strong>itaque,</strong></span> <span class='ocrx_word' id='word_1_218' title='bbox 634 3156 689 3240; x_wconf 90' lang='lat' dir='ltr'><strong>qui</strong></span> <span class='ocrx_word' id='word_1_219' title='bbox 711 3157 798 3236; x_wconf 84' lang='lat' dir='ltr'><strong>(XII,</strong></span> <span class='ocrx_word' id='word_1_220' title='bbox 821 3177 853 3238; x_wconf 87' lang='lat' dir='ltr'><strong>p.</strong></span> <span class='ocrx_word' id='word_1_221' title='bbox 880 3159 937 3239; x_wconf 86' lang='lat'><strong>891</strong></span> <span class='ocrx_word' id='word_1_222' title='bbox 964 3157 1014 3228; x_wconf 71' lang='lat' dir='ltr'><strong>G]</strong></span> <span class='ocrx_word' id='word_1_223' title='bbox 1047 3175 1086 3219; x_wconf 81' lang='lat' dir='ltr'><strong>ex</strong></span> <span class='ocrx_word' id='word_1_224' title='bbox 1108 3155 1186 3218; x_wconf 87' lang='lat' dir='ltr'><strong>loco</strong></span> <span class='ocrx_word' id='word_1_225' title='bbox 1207 3156 1278 3215; x_wconf 85' lang='lat' dir='ltr'><strong>Ilia·</strong></span> 
     </span>
     <span class='ocr_line' id='line_1_28' title="bbox 274 3252 1276 3338; baseline 0.004 -24"><span class='ocrx_word' id='word_1_226' title='bbox 274 3252 321 3314; x_wconf 91' lang='lat' dir='ltr'><strong>dis</strong></span> <span class='ocrx_word' id='word_1_227' title='bbox 345 3272 370 3331; x_wconf 81' lang='grc' dir='ltr'><strong>ε,</strong></span> <span class='ocrx_word' id='word_1_228' title='bbox 400 3253 456 3324; x_wconf 76' lang='grc' dir='ltr'><strong>ὁίμ</strong></span> <span class='ocrx_word' id='word_1_229' title='bbox 487 3255 623 3317; x_wconf 83' lang='lat' dir='ltr'><strong>efficere</strong></span> <span class='ocrx_word' id='word_1_230' title='bbox 652 3259 741 3337; x_wconf 83' lang='lat' dir='ltr'><strong>vult,</strong></span> <span class='ocrx_word' id='word_1_231' title='bbox 765 3279 895 3320; x_wconf 89' lang='lat' dir='ltr'><strong>omnem</strong></span> <span class='ocrx_word' id='word_1_232' title='bbox 917 3257 1132 3319; x_wconf 86' lang='lat' dir='ltr'><strong>Troianorum</strong></span> <span class='ocrx_word' id='word_1_233' title='bbox 1162 3275 1276 3338; x_wconf 84' lang='lat' dir='ltr'><strong>regum</strong></span> 
     </span>
     <span class='ocr_line' id='line_1_29' title="bbox 274 3359 1277 3443; baseline 0.003 -24"><span class='ocrx_word' id='word_1_234' title='bbox 274 3359 431 3422; x_wconf 85' lang='lat' dir='ltr'><strong>ditionem</strong></span> <span class='ocrx_word' id='word_1_235' title='bbox 452 3373 526 3427; x_wconf 86' lang='lat' dir='ltr'><strong>ante</strong></span> <span class='ocrx_word' id='word_1_236' title='bbox 547 3364 712 3423; x_wconf 91' lang='lat' dir='ltr'><strong>Priamum</strong></span> <span class='ocrx_word' id='word_1_237' title='bbox 734 3364 880 3443; x_wconf 83' lang='lat' dir='ltr'><strong>exiguam</strong></span> <span class='ocrx_word' id='word_1_238' title='bbox 901 3361 1017 3436; x_wconf 89' lang='lat' dir='ltr'><strong>fuisse,</strong></span> <span class='ocrx_word' id='word_1_239' title='bbox 1039 3361 1196 3424; x_wconf 85' lang='lat' dir='ltr'><strong>refellere</strong></span> <span class='ocrx_word' id='word_1_240' title='bbox 1217 3383 1277 3443; x_wconf 86' lang='lat' dir='ltr'><strong>po-</strong></span> 
     </span>
     <span class='ocr_line' id='line_1_30' title="bbox 274 3461 1277 3527; baseline 0.001 -5"><span class='ocrx_word' id='word_1_241' title='bbox 274 3461 363 3523; x_wconf 85' lang='lat' dir='ltr'><strong>teris.</strong></span> <span class='ocrx_word' id='word_1_242' title='bbox 406 3463 543 3524; x_wconf 86' lang='lat' dir='ltr'><strong>Praeter</strong></span> <span class='ocrx_word' id='word_1_243' title='bbox 563 3464 812 3527; x_wconf 89' lang='lat' dir='ltr'><strong>Erichthonium</strong></span> <span class='ocrx_word' id='word_1_244' title='bbox 835 3466 916 3525; x_wconf 88' lang='lat' dir='ltr'><strong>llum</strong></span> <span class='ocrx_word' id='word_1_245' title='bbox 938 3463 1039 3526; x_wconf 89' lang='lat' dir='ltr'><strong>filium</strong></span> <span class='ocrx_word' id='word_1_246' title='bbox 1061 3463 1206 3525; x_wconf 87' lang='lat' dir='ltr'><strong>Dardani</strong></span> <span class='ocrx_word' id='word_1_247' title='bbox 1226 3465 1277 3523; x_wconf 90' lang='lat' dir='ltr'><strong>fu·</strong></span> 
     </span>
     <span class='ocr_line' id='line_1_31' title="bbox 275 3565 1354 3652; baseline 0.002 -29"><span class='ocrx_word' id='word_1_248' title='bbox 275 3565 349 3652; x_wconf 78' lang='lat' dir='ltr'><strong>isse,</strong></span> <span class='ocrx_word' id='word_1_249' title='bbox 373 3567 428 3648; x_wconf 89' lang='lat' dir='ltr'><strong>qui</strong></span> <span class='ocrx_word' id='word_1_250' title='bbox 450 3566 590 3630; x_wconf 84' lang='lat' dir='ltr'><strong>moriens</strong></span> <span class='ocrx_word' id='word_1_251' title='bbox 611 3566 732 3629; x_wconf 91' lang='lat' dir='ltr'><strong>liberos</strong></span> <span class='ocrx_word' id='word_1_252' title='bbox 747 3588 819 3628; x_wconf 90' lang='lat' dir='ltr'><strong>non</strong></span> <span class='ocrx_word' id='word_1_253' title='bbox 838 3567 1026 3652; x_wconf 68' lang='lat' dir='ltr'><strong>reliquerit,</strong></span> <span class='ocrx_word' id='word_1_254' title='bbox 1046 3575 1156 3627; x_wconf 88' lang='lat' dir='ltr'><strong>narrat</strong></span> <span class='ocrx_word' id='word_1_255' title='bbox 1177 3565 1279 3647; x_wconf 80' lang='lat' dir='ltr'><strong>Apol·</strong></span> <span class='ocrx_word' id='word_1_256' title='bbox 1353 3639 1354 3648; x_wconf 9' lang='grc' dir='ltr'>ἵ</span> 
     </span>
     <span class='ocr_line' id='line_1_32' title="bbox 273 3665 1275 3750; baseline 0 -22"><span class='ocrx_word' id='word_1_257' title='bbox 273 3665 340 3728; x_wconf 88' lang='lat' dir='ltr'><strong>lod.</strong></span> <span class='ocrx_word' id='word_1_258' title='bbox 361 3667 416 3743; x_wconf 89' lang='grc' dir='ltr'><strong>ΙΙΙ,</strong></span> <span class='ocrx_word' id='word_1_259' title='bbox 440 3687 486 3744; x_wconf 79' lang='lat' dir='ltr'><strong>aa,</strong></span> <span class='ocrx_word' id='word_1_260' title='bbox 510 3685 545 3744; x_wconf 79' lang='lat'><strong>23</strong></span> <span class='ocrx_word' id='word_1_261' title='bbox 567 3701 608 3721; x_wconf 77' lang='lat'><strong>-·</strong></span> <span class='ocrx_word' id='word_1_262' title='bbox 629 3669 769 3729; x_wconf 85' lang='lat' dir='ltr'><strong>alte&#39;rum</strong></span> <span class='ocrx_word' id='word_1_263' title='bbox 790 3668 1017 3750; x_wconf 81' lang='lat' dir='ltr'><strong>Zacynthium,</strong></span> <span class='ocrx_word' id='word_1_264' title='bbox 1047 3666 1132 3728; x_wconf 89' lang='lat' dir='ltr'><strong>unde</strong></span> <span class='ocrx_word' id='word_1_265' title='bbox 1154 3667 1275 3747; x_wconf 85' lang='lat' dir='ltr'><strong>Zacyn-</strong></span> 
     </span>
     <span class='ocr_line' id='line_1_33' title="bbox 273 3757 1276 3855; baseline -0.002 -20"><span class='ocrx_word' id='word_1_266' title='bbox 273 3775 349 3837; x_wconf 85' lang='lat' dir='ltr'><strong>thus</strong></span> <span class='ocrx_word' id='word_1_267' title='bbox 374 3774 478 3836; x_wconf 90' lang='lat' dir='ltr'><strong>insula</strong></span> <span class='ocrx_word' id='word_1_268' title='bbox 499 3757 618 3835; x_wconf 81' lang='lat' dir='ltr'><strong>nomen</strong></span> <span class='ocrx_word' id='word_1_269' title='bbox 639 3773 784 3854; x_wconf 81' lang='lat' dir='ltr'><strong>traxerit,</strong></span> <span class='ocrx_word' id='word_1_270' title='bbox 807 3773 906 3853; x_wconf 78' lang='lat' dir='ltr'><strong>affert</strong></span> <span class='ocrx_word' id='word_1_271' title='bbox 924 3773 1097 3855; x_wconf 83' lang='lat' dir='ltr'><strong>Dionysius</strong></span> <span class='ocrx_word' id='word_1_272' title='bbox 1125 3771 1214 3852; x_wconf 80' lang='lat' dir='ltr'><strong>(Ant</strong></span> <span class='ocrx_word' id='word_1_273' title='bbox 1235 3772 1276 3834; x_wconf 90' lang='lat' dir='ltr'><strong>R.</strong></span> 
     </span>
     <span class='ocr_line' id='line_1_34' title="bbox 274 3875 1274 3966; baseline -0.003 -27"><span class='ocrx_word' id='word_1_274' title='bbox 274 3883 299 3954; x_wconf 91' lang='grc' dir='ltr'><strong>Ι,</strong></span> <span class='ocrx_word' id='word_1_275' title='bbox 327 3881 393 3960; x_wconf 83' lang='lat'><strong>50),</strong></span> <span class='ocrx_word' id='word_1_276' title='bbox 423 3900 504 3963; x_wconf 86' lang='lat' dir='ltr'><strong>quae</strong></span> <span class='ocrx_word' id='word_1_277' title='bbox 532 3879 643 3939; x_wconf 84' lang='lat' dir='ltr'><strong>fabula</strong></span> <span class='ocrx_word' id='word_1_278' title='bbox 673 3898 745 3940; x_wconf 89' lang='lat' dir='ltr'><strong>cum</strong></span> <span class='ocrx_word' id='word_1_279' title='bbox 777 3879 875 3942; x_wconf 85' lang='lat' dir='ltr'><strong>rebus</strong></span> <span class='ocrx_word' id='word_1_280' title='bbox 909 3875 1085 3966; x_wconf 75' lang='lat' dir='ltr'><strong>Arcadicia</strong></span> <span class='ocrx_word' id='word_1_281' title='bbox 1109 3875 1274 3937; x_wconf 86' lang='lat' dir='ltr'><strong>cohaeret.</strong></span> 
     </span>
     <span class='ocr_line' id='line_1_35' title="bbox 272 3975 1275 4068; baseline -0.008 -26"><span class='ocrx_word' id='word_1_282' title='bbox 272 3983 347 4042; x_wconf 87' lang='lat' dir='ltr'><strong>Non</strong></span> <span class='ocrx_word' id='word_1_283' title='bbox 377 3979 699 4068; x_wconf 85' lang='lat' dir='ltr'><strong>commutariautem</strong></span> <span class='ocrx_word' id='word_1_284' title='bbox 722 4000 795 4042; x_wconf 89' lang='lat' dir='ltr'><strong>cum</strong></span> <span class='ocrx_word' id='word_1_285' title='bbox 822 3978 975 4040; x_wconf 86' lang='lat' dir='ltr'><strong>Dardano</strong></span> <span class='ocrx_word' id='word_1_286' title='bbox 1004 3979 1148 4039; x_wconf 88' lang='lat' dir='ltr'><strong>Troiano</strong></span> <span class='ocrx_word' id='word_1_287' title='bbox 1178 3975 1275 4037; x_wconf 88' lang='lat' dir='ltr'><strong>debet</strong></span> 
     </span>
     <span class='ocr_line' id='line_1_36' title="bbox 273 4078 1354 4172; baseline -0.001 -30"><span class='ocrx_word' id='word_1_288' title='bbox 273 4083 443 4150; x_wconf 86' lang='lat' dir='ltr'><strong>Dardanus</strong></span> <span class='ocrx_word' id='word_1_289' title='bbox 475 4081 531 4146; x_wconf 88' lang='lat' dir='ltr'><strong>iile</strong></span> <span class='ocrx_word' id='word_1_290' title='bbox 554 4082 693 4165; x_wconf 86' lang='lat' dir='ltr'><strong>Scytha,</strong></span> <span class='ocrx_word' id='word_1_291' title='bbox 729 4083 769 4145; x_wconf 86' lang='lat' dir='ltr'><strong>dc</strong></span> <span class='ocrx_word' id='word_1_292' title='bbox 804 4104 868 4172; x_wconf 84' lang='lat' dir='ltr'><strong>quo</strong></span> <span class='ocrx_word' id='word_1_293' title='bbox 890 4079 1044 4164; x_wconf 86' lang='lat' dir='ltr'><strong>Apollod.</strong></span> <span class='ocrx_word' id='word_1_294' title='bbox 1079 4081 1134 4160; x_wconf 90' lang='grc' dir='ltr'><strong>ΙΙΙ,</strong></span> <span class='ocrx_word' id='word_1_295' title='bbox 1169 4078 1213 4157; x_wconf 82' lang='lat'><strong>15,</strong></span> <span class='ocrx_word' id='word_1_296' title='bbox 1233 4079 1275 4160; x_wconf 80' lang='lat'><strong>33</strong></span> <span class='ocrx_word' id='word_1_297' title='bbox 1353 4129 1354 4146; x_wconf 64' lang='grc'><strong>,</strong></span> 
     </span>
    </p>
   </div>
   <div class='ocr_carea' id='block_1_6' title="bbox 0 0 1366 4776">
    <p class='ocr_par' dir='ltr' id='par_1_6' title="bbox 0 0 1366 4776">
     <span class='ocr_line' id='line_1_37' title="bbox 0 0 1366 4776; baseline 0 0"><span class='ocrx_word' id='word_1_298' title='bbox 0 0 1366 4776; x_wconf 95' lang='lat' dir='ltr'><strong> </strong></span> 
     </span>
    </p>
   </div>
  </div>
 </body>
</html>
