2626 4768
404 432 644 499 —145—

107 597 167 660 Uti
199 597 284 660 hanc
314 599 386 661 rein
413 620 529 663 omnes·
561 600 697 664 deorum
717 602 798 667 iram
829 606 1029 690 portendere

12 694 223 774 credebant,
251 699 298 756 ita
328 697 416 759 aliud
443 713 477 761 et
497 700 596 763 dirius
618 717 807 784 portentum
828 708 949 770 animos
970 707 1031 770 hos

12 801 147 860 minum
171 797 300 859 terruit.
342 800 511 882 Impositas
541 805 626 864 enim
658 807 690 866 in
718 808 780 868 eris
814 807 950 871 deorum
971 810 1029 872 Mi·

12 919 146 962 nervae
170 909 204 960 et
224 900 385 980 Apollinis
408 903 553 964 victimas
575 906 830 987 aspernabantur
845 908 898 988 dii,
921 931 1028 995 neque
1121 973 1128 988 ,

12 1004 104 1086 ignis
130 1003 280 1064 admotus
303 1023 355 1063 eas
378 1007 565 1085 consumsit,
587 1008 644 1068 sed
666 1011 771 1070 omnia
793 1011 973 1074 disturbata
994 1015 1028 1075 in

12 1113 147 1165 terram
170 1101 413 1166 deiicichantur.
457 1105 605 1197 Quorum
626 1117 754 1189 partem
775 1111 882 1193 aquila
901 1124 1028 1194 raptam
1089 1129 1092 1138 “

12 1225 94 1266 cum
119 1202 161 1264 ad
184 1204 383 1264 Graecorum
405 1217 508 1266 castra
530 1209 676 1287 tulisset,
706 1210 881 1272 Cassandra
903 1211 943 1273 ad
963 1214 1028 1276 He·

12 1313 123 1370 ctoris
149 1308 308 1368 tumulum
321 1327 390 1368 rem
413 1329 533 1370 sacram
548 1313 718 1372 transferri
740 1301 841 1390 iussit,
863 1313 917 1376 ubi
940 1324 1027 1378 tran·

12 1412 128 1496 quilla
162 1411 266 1472 omnia
293 1431 384 1472 more
418 1411 516 1474 solito
544 1415 576 1474 in
607 1412 743 1474 deorum
764 1413 923 1477 honorem
952 1416 1026 1500 igne
1137 1483 1143 1488 ,

12 1518 170 1580 absumta
191 1527 276 1578 sunt.
317 1514 440 1578 Eadem
469 1527 602 1598 praeter
620 1517 739 1600 Dictyn
759 1529 892 1581 narrant
917 1521 1027 1588 loann.

12 1624 97 1684 Mal.
120 1644 155 1704 p.
179 1626 234 1690 142
257 1628 290 1682 et
310 1623 422 1681 Treta.
444 1618 555 1682 Posth.
592 1619 669 1698 605,
698 1622 753 1702 qui
773 1620 835 1684 hoc
855 1623 927 1706 ipso
948 1646 1026 1707 por·

15 1735 119 1791 tento
142 1735 317 1788 commotos
340 1725 496 1787 Troianos
525 1723 565 1786 ad
588 1725 731 1786 Graecos
759 1725 801 1788 de
829 1747 909 1809 poce
937 1729 1025 1810 lega·

14 1845 73 1898 tos
105 1833 229 1896 misisse
258 1830 367 1894 tradit.
410 1831 523 1914 Dictys
559 1845 666 1895 autem
705 1834 911 1897 Calchantem
947 1835 1023 1897 inde

16 1933 174 2012 Graecis,
217 1933 311 1996 brevi
348 1952 403 1996 eos
437 1953 548 1994 rerum
581 1933 723 1994 omnium
758 1933 905 1997 dominos
938 1935 1024 2014 fore,

17 2040 234 2104 vaticinatum
268 2058 338 2100 esse
381 2038 473 2122 dicit3
511 2043 710 2100 Antenorem
745 2061 877 2124 quoque
916 2041 1023 2122 ipsum

17 2145 129 2227 Ulyssi
149 2141 327 2218 Palladium
350 2142 536 2219 tradidisse,
563 2153 736 2226 postquam
765 2142 804 2204 ab
834 2163 952 2224 uxore,
984 2155 1023 2207 ut

18 2244 57 2306 id
81 2264 99 2307 e
120 2244 243 2327 templo
266 2243 420 2322 afferret,
442 2244 593 2326 precibus
616 2246 649 2306 vi
670 2247 775 2307 mixtis
797 2246 1020 2329 impetrassett

18 2371 106 2433 quae
137 2347 250 2412 eadem
285 2347 429 2410 afferunt
461 2348 569 2410 Schol.
603 2348 643 2409 ad
674 2348 765 2426 tlt,
794 2351 872 2420 3113
908 2353 1021 2412 Taetz.

16 2452 134 2514 Posth.
157 2452 236 2534 5103
265 2453 310 2513 lo.
333 2452 407 2515 Mal.
428 2474 460 2533 p.
487 2451 552 2533 137.
595 2452 648 2512 Sic
676 2471 748 2512 cum
778 2452 818 2512 ad
851 2473 947 2514 naves
968 2471 1022 2514 re-

21 2554 157 2615 diissent
178 2568 211 2617 et
238 2555 362 2636 singula
385 2573 533 2638 quaeque
564 2554 797 2636 exposuissent,
817 2555 957 2636 placuit,
982 2563 1021 2616 ut

19 2661 185 2722 Minervae
212 2659 332 2720 donum
363 2657 541 2736 odoratum
574 2659 695 2718 accitus
723 2658 865 2720 Helenus
898 2677 1020 2743 equum
1132 2655 1136 2664 '

15 2760 163 2842 ligneum
182 2757 302 2824 donum
323 2758 396 2822 urbi
415 2760 515 2820 fatale
536 2779 607 2822 esso
629 2759 738 2825 edixit.

273 3257 526 3370 'aanor
575 3289 716 3372 xvnr.

163 3521 290 3606 aquus
306 3526 489 3600 arsurum
509 3525 652 3584 raons
670 3523 868 3588 rxcrmurt.

23 3721 166 3836 Omnes
187 3767 363 3850 scriptores
384 3765 524 3829 eundem
546 3769 670 3830 consilii
690 3763 785 3835 huius
804 3771 846 3878 de
869 3793 954 3860 equo
975 3771 1013 3841 ll·

17 3903 102 3968 gneo
132 3883 325 3946 exstruendo
364 3897 530 3947 auctorem
567 3906 633 3946 non
669 3887 816 3958 trudone
852 3893 1014 3958 Helenum

16 3998 148 4070 praeter
168 3985 287 4067 Dictyn
309 3984 423 4046 Conon
434 4005 530 4046 marr.
552 3984 594 4050 34
615 3998 648 4048 et
670 3991 913 4073 Tryphiodorus
927 4016 958 4062 v.
972 4001 1014 4070 44

16 4087 190 4167 nominant,
210 4083 379 4166 Letalem,
399 4085 597 4168 arridetur,
618 4089 652 4152 in
674 4113 714 4154 eo
735 4095 849 4177 secuti,
869 4099 925 4184 qui
945 4101 1014 4164 He·

707 4201 740 4253 10
