2626 4768
440 413 581 512 -tno
624 445 661 458 -

15 579 85 640 ad
113 575 322 660 eripiendum
349 578 474 640 Paridis
509 579 646 642 cadaver
676 582 834 646 Troianos
866 577 898 644 id
928 581 1058 666 quidem

20 677 228 742 consilium
249 677 430 762 perfecisse
452 679 510 742 sed
536 681 649 762 pulsos
677 680 794 744 deiude
815 681 855 743 ab
877 681 972 744 Aiace
995 684 1058 744 'Pe-

17 786 196 848 lamouio
221 795 255 848 et
277 785 434 868 plurimos
457 787 616 850 interiisse
641 787 797 870 imprimis
820 807 892 852 cum
915 787 984 850 siue
1006 809 1059 850 or·

18 886 125 948 dine
158 884 192 946 iu
225 883 341 948 urbem
373 883 593 966 confluerent,
625 899 736 951 nmrat
754 890 865 970 Dictys
889 889 960 970 (Ν,
983 893 1058 972 ao);

20 988 173 1050 urhs'
163 1007 233 1071 spsa
261 987 343 1050 adeo
372 1002 557 1073 oppugnata
578 1001 628 1054 est
649 1005 682 1054 et
703 1001 797 1076 capto
827 1012 866 1054 eo
888 992 939 1054 die
961 994 1060 1076 soret,

30 1092 82 1152 ni
106 1113 177 1154 nox
197 1091 445 1182 oppugnationis
464 1089 564 1154 linem
582 1091 724 1158 lecisset.

137 1197 220 1258 Post
240 1206 379 1257 mortem
392 1195 516 1270 Periclis
528 1195 719 1294 Deiphobus
741 1181 901 1262 Helenam
922 1219 1058 1266 uxorem

35 1299 165 1360 duxit:
197 1298 306 1360 Procl.
322 1317 405 1361 exo.
440 1318 479 1360 ex
506 1300 544 1360 ll.
580 1321 690 1383 pars„
720 1302 809 1364 onius
843 1303 892 1364 rei
912 1301 1033 1364 fama
1024 1325 1058 1384 sn

39 1400 158 1483 ipsius
180 1398 314 1462 Homeri
340 1399 535 1467 carminibus
568 1421 741 1484 superesse
769 1402 901 1466 videtur
923 1403 1003 1485 (od.
1027 1404 1057 1482 sl,

45 1507 136 1591 2763
157 1511 195 1588 si,-
215 1509 291 1592 517)
314 1517 348 1572 et
368 1509 490 1594 antiqui
510 1518 683 1592 praeterea
704 1521 854 1574 auctores
872 1509 1058 1573 efferuntur
1139 1491 1141 1496 ¹

16 1621 23 1632 ’
46 1610 174 1693 Ibyeus
203 1623 237 1673 et
257 1610 439 1674 Simonides
466 1633 484 1672 a
504 1611 684 1678 Scholiasta
712 1613 752 1676 sd
773 1615 810 1676 ll.
830 1637 859 1694 s,
879 1615 951 1696 ⁵¹7·
968 1613 1063 1693 Prisg

46 1739 128 1782 mus
151 1721 218 1782 eius
239 1718 368 1802 nuptias
396 1720 573 1784 fortissimo
601 1722 636 1784 in
656 1741 764 1806 pugna
783 1714 962 1805 praemium
982 1739 1059 1803 pro-

44 1821 203 1905 posuisse
224 1830 385 1902 narrstur,
406 1824 517 1928 sicque
542 1825 659 1908 obtigit
677 1823 863 1908 Deiphobo,
884 1823 926 1886 cf.
948 1822 1061 1886 Sebol.

47 1925 94 1988 ad
118 1925 823 2011 11.o,251‚quiesex1‚yoophronov(v.
848 1929 920 2008 ils)
950 1921 1060 1990 offert

49 2027 154 2086 Rixas
174 2025 261 2088 inter
280 2027 444 2090 Helenum
465 2035 501 2088 et
519 2025 746 2111 Deiphobum,
769 2039 843 2090 uter
865 2045 935 2089 eam
958 2023 1059 2086 duce·

55 2137 121 2205 ret,
142 2137 279 2192 exortes
307 2149 379 2192 esse
406 2129 507 2191 tradit
528 2129 642 2193 Conon
663 2129 764 2211 (narr
787 2129 854 2208 ou),
886 2128 1061 2209 illumque,
1159 2125 1164 2132 '

59 2229 151 2313 quod
169 2229 333 2313 Deiphobi
354 2251 436 2292 uxor
456 2227 541 2292 facta
563 2242 659 2309 esset,
679 2230 878 2314 indignatum
899 2227 940 2290 ad
957 2227 1059 2290 Grae·

58 2353 115 2398 eos
138 2333 317 2404 destitisset
339 2335 384 2398 cf.
406 2319 582 2418 Tryphiod.
604 2335 663 2416 453
683 2337 717 2396 vi
743 2355 813 2398 eam
839 2340 967 2415 raptam
989 2349 1060 2394 esse

59 2439 101 2500 ab
113 2427 354 2532 illoEuripisles
375 2436 512 2512 (Troad.
533 2437 608 2520 958)
629 2437 744 2513 refert,
765 2457 861 2521 quam
873 2437 974 2520 ipsam
986 2452 1060 2496 nar·

61 2542 221 2604 rationem
247 2542 342 2604 latius
373 2538 559 2622 exposuisse
586 2540 698 2621 Dictys
728 2537 801 2616 (lv,
831 2539 885 2617 no)
914 2536 1058 2612 videtur,

65 2668 138 2708 oum
151 2658 225 2728 post
236 2644 427 2708 seditionem
436 2621 664 2721 Troianorum,
675 2641 793 2726 quibus
807 2659 881 2726 spes
890 2655 923 2704 et
934 2643 1057 2704 animus

62 2747 165 2811 indies
186 2749 284 2832 magis
318 2743 506 2825 deficiebat,
540 2755 686 2808 exortam
713 2743 754 2806 ab
780 2745 928 2808 omnibus
949 2744 1061 2808 ‹lecre-

63 2864 132 2914 tum
154 2871 224 2914 esse
254 2850 372 2928 trudit,
403 2861 441 2912 ut
460 2851 588 2912 Helena
622 2855 806 2933 cunctaque
833 2869 905 2911 com
927 2851 995 2932 ipsa
1016 2849 1063 2910 ul-

66 2961 129 3019 lata
150 2957 282 3022 Graecis
304 2956 542 3037 redderentur3
575 2953 663 3040 quod
685 2946 758 3016 eum
780 2954 964 3018 rescivisset
984 2953 1062 3018 Dei·

66 3062 199 3147 phebus,
222 3083 295 3125 eum
315 3062 476 3124 Helenam
497 3061 557 3122 sibi
578 3060 782 3122 matrimonio
803 3057 953 3120 iunxisse.

150 3163 273 3225 Urbem
304 3161 420 3226 deinhe
446 3170 665 3246 oppugnatam
693 3178 764 3222 esse
789 3157 934 3241 nudique
952 3163 1064 3218 nsrrot

68 3267 205 3363 Quintus
225 3267 297 3348 (Xl,
317 3266 376 3349 ³²9
396 3272 484 3350 sqq.)
511 3263 621 3328 divisis
641 3263 818 3327 secuudum
838 3269 950 3345 portas
971 3259 1060 3336 ὀποί,-

69 3367 140 3443 bus,
169 3371 202 3429 in
229 3387 293 3452 quo
322 3364 514 3428 narrationis
535 3364 632 3428 modo
653 3361 806 3445 Aeschyli
834 3364 886 3422 me
907 3381 972 3423 non
993 3380 1060 3422 mo·

71 3477 163 3530 neoto
197 3468 302 3554 quiris
332 3467 533 3544 meminerit,
562 3480 599 3528 ut
630 3464 770 3552 Epigoni
802 3462 843 3525 ab
874 3483 914 3525 eo
947 3461 1062 3528 urbem

17 3562 21 3570 ’
71 3568 251 3632 Thebarum
274 3587 475 3653 oppugnasse
502 3567 663 3631 dicuntur.
705 3565 816 3630 Simile
852 3564 973 3650 aliquid
1001 3567 1064 3624 Le-

71 3672 157 3736 sohes
178 3674 340 3749 narravit,
362 3671 450 3756 quod
470 3671 607 3734 Procius
628 3671 662 3732 in
684 3667 845 3750 excerptis
866 3665 1064 3748 paucissimis

71 3761 204 3838 verbis
195 3778 299 3840 innuit
321 3773 447 3856 (και
414 3800 447 3839 οι
471 3779 583 3860 Τρῶες
605 3773 889 3856 πολιορκοῦνται),
912 3769 968 3830 scd
990 3781 1065 3849 post

73 3883 224 3965 Eurypyli
257 3893 420 3959 mortem,
430 3901 549 3970 quum
578 3889 745 3988 postremo
779 3879 851 3940 loco
886 3871 1064 3934 enarrabat.

75 3989 150 4050 Cum
172 3994 280 4048 sutem
302 3986 398 4046 armis
419 3965 516 4066 atque
544 3983 577 4044 vi
598 4001 713 4062 parum
731 3977 919 4054 allicer3ent
950 3974 990 4037 sd
1010 3974 1066 4036 do·
1162 3992 1166 4000 ·

76 4090 137 4150 lusu
158 4088 373 4170 confugerunt
394 4083 566 4148 Calchante
587 4094 740 4163 auctore,
762 4095 799 4145 ut
821 4081 1000 4177 Quintus(
984 4082 1068 4163 (llll,
