2626 4768
569 1049 806 1158 'error
855 1081 908 1156 x.

235 1333 237 1340 ¹
288 1302 530 1362 cumeorum
547 1303 756 1363 ADVENTUS
773 1295 813 1362 ill
830 1303 993 1376 MYSth,
1011 1303 1235 1366 TELEPMUS.

252 1508 537 1619 Vennenses
560 1555 608 1638 (a,
628 1555 683 1644 59)
706 1555 836 1620 schola
855 1567 890 1622 et
908 1555 1095 1621 anstasius
1118 1556 1159 1618 aa
1185 1575 1269 1620 eum

250 1665 362 1727 locum
398 1663 532 1726 fundum
567 1665 755 1749 praebuisse
789 1664 901 1728 dicunt
932 1666 1018 1727 illius
1033 1739 1038 1744 ‚
1051 1664 1268 1742 narrationis,

139 1813 146 1822 .
252 1788 316 1852 qua
339 1768 475 1847 Gracci,
502 1786 576 1829 cum
597 1767 729 1830 Troiam
749 1767 912 1851 proficisci
930 1767 1055 1832 vellent
1075 1787 1190 1851 neque
1211 1768 1265 1828 iti·

251 1869 339 1930 neris
361 1869 453 1954 gnari
474 1877 595 1949 essent,
615 1871 763 1953 Mysiam,
786 1891 851 1954 quo
874 1882 1020 1933 errantes
1042 1870 1263 1954 appulissent,

251 1989 313 2053 pro
336 1971 435 2033 Troia
463 1970 620 2034 hahentes
640 1972 807 2035 hostiliter
827 1973 1004 2035 incurrisse
1034 1984 1068 2033 et
1096 1991 1172 2032 curn
1197 1975 1260 2031 Te-

250 2074 351 2158 lepho
381 2093 541 2157 pugnasse
563 2073 724 2137 dicuntur.
766 2077 928 2159 Equidem
953 2075 1048 2139 verbi
1073 2073 1161 2136 illius
1190 2097 1261 2160 quo

250 2175 415 2234 Homerus
438 2194 514 2234 usus
543 2186 594 2236 est
621 2195 688 2235 uon
720 2194 792 2235 eam
821 2175 888 2237 vim
921 2193 993 2238 esse
1026 2172 1185 2252 arbitror,
1223 2187 1261 2236 ut

251 2268 370 2330 iterum
392 2270 509 2334 eodem
529 2271 626 2332 modo
649 2271 779 2335 domum
794 2283 939 2336 errantes
955 2273 1067 2357 vagari
1086 2268 1255 2357 significet,

252 2367 314 2429 sed
327 2368 520 2451 simpliciter
541 2369 673 2431 domum
693 2371 808 2435 revehi
828 2371 973 2453 navibus,
993 2393 1103 2458 neque
1120 2392 1190 2454 ergo
1207 2373 1247 2431 iis

252 2470 408 2534 assentire
431 2491 574 2553 possum,
596 2473 653 2557 qui
674 2494 714 2534 eo
735 2473 806 2555 ipso
826 2472 931 2536 verbo
942 2474 1026 2536 hanc
1036 2475 1251 2536 narrationem

250 2571 293 2631 ab
314 2574 460 2633 Homero
481 2571 572 2632 innui
594 2581 802 2633 censuerunt.
841 2571 1092 2656 Antiquissimus
1121 2573 1254 2634 narrati-

255 2675 324 2735 onis
347 2673 428 2737 ordo
450 2681 542 2737 certo
564 2674 591 2735 is
619 2673 699 2752 fuit,
723 2674 865 2736 Graecos
887 2674 1019 2736 Troiam
1048 2685 1194 2739 errantes
1214 2675 1251 2736 ad

193 2759 199 2770 ’
253 2774 440 2856 complures
459 2775 552 2835 locos
572 2773 627 2837 rel
638 2772 744 2836 ventis
755 2772 890 2835 iactatos
903 2773 957 2837 vel
970 2773 1147 2855 praedandi
1162 2793 1251 2836 causa

253 2877 352 2960 inque
380 2875 419 2936 iis
448 2875 488 2937 ad
515 2876 647 2958 Mysiam
675 2876 857 2959 appulisse,
888 2898 962 2938 nam
992 2876 1149 2939 sacrificio
1171 2879 1257 2964 lphi-
1310 2949 1311 2954 η

253 2981 365 3060 geniae
378 2989 512 3041 sentum
534 2976 710 3054 secundum
732 2989 901 3039 exoratum
922 2998 992 3039 esse
1004 2978 1256 3065 antiquissimam

254 3084 370 3143 lamam
391 3101 458 3142 non
479 3080 577 3140 fuisse
598 3099 697 3161 supra
716 3083 978 3147 commemorari.
1009 3085 1134 3145 Errore
1147 3095 1255 3148 autem

255 3203 295 3245 eo
317 3181 469 3265 appulsos
492 3201 563 3243 esse
586 3181 728 3242 Graecos
749 3179 950 3244 tradiderant
972 3182 1089 3266 Cypria
1105 3186 1256 3265 carmina,

255 3286 297 3350 cl.
318 3287 427 3352 Proel.
435 3309 445 3365 3
478 3288 614 3347 Pausan.
635 3287 660 3363 l,
676 3289 712 3364 d,
733 3283 770 3368 63
802 3285 894 3347 Srah.
917 3288 941 3365 l,
960 3308 993 3372 p.
1017 3305 1071 3372 193
1108 3289 1253 3371 interpp.

255 3397 293 3456 ll.
317 3420 347 3475 a,
370 3395 455 3472 1.1.;
481 3394 595 3475 Dictys
617 3383 724 3452 autem
746 3393 784 3470 ll,
809 3415 822 3452 1
845 3391 951 3454 uentis
973 3393 1115 3454 Graecos
1137 3413 1176 3478 co
1198 3393 1254 3454 de-

225 3505 227 3509 ’
256 3499 340 3558 latos
361 3504 489 3571 narret3
513 3513 652 3578 cumque
673 3494 772 3577 positi
792 3516 810 3558 a
831 3515 909 3579 rege
931 3495 1080 3578 Telepho
1102 3495 1253 3558 custodes

255 3595 369 3681 egredi
379 3595 522 3657 Achivos
544 3615 563 3655 e
584 3596 717 3658 navibus
738 3595 982 3679 prohibuissent
1002 3604 1174 3674 certamen,
1187 3600 1253 3679 pri-

255 3720 320 3779 mo,
333 3718 408 3758 mox
420 3695 562 3758 adventu
576 3695 719 3778 plurium
731 3709 765 3786 et
777 3695 864 3780 regis
880 3696 980 3780 ipsius
995 3715 1102 3757 acrem
1114 3715 1254 3780 pugnam

256 3811 402 3864 exortam
431 3805 511 3857 esse.
546 3795 626 3857 ,Alio
650 3795 747 3860 modo
769 3789 905 3860 Taetzes
926 3795 1099 3858 Antehom.
1125 3817 1171 3860 vs.
1191 3797 1250 3868 246

256 3923 327 3985 sqq.
356 3917 428 3961 rem
458 3897 597 3980 explicat
628 3899 683 3960 vix
704 3898 802 3962 credo
829 3897 996 3980 antiquum
1015 3911 1180 3960 auctorem
1201 3920 1249 3960 se-

257 4013 388 4086 quutus,
411 4003 552 4064 Graecos
573 4020 647 4063 eum
666 4002 795 4067 Achille
817 4002 899 4064 duce
921 4004 997 4065 alias
1017 4005 1101 4065 circa
1123 4003 1248 4066 Troiam

256 4102 354 4167 urbes
377 4115 411 4166 et
427 4102 581 4186 regiones
605 4103 794 4188 depopulati
813 4114 939 4185 essent,
971 4105 1103 4188 Mysiam
1122 4125 1246 4190 quoque
1307 4137 1308 4195 y
