<?xml version="1.0" encoding="UTF-8"?>
<!DOCTYPE html PUBLIC "-//W3C//DTD XHTML 1.0 Transitional//EN"
    "http://www.w3.org/TR/xhtml1/DTD/xhtml1-transitional.dtd">
<html xmlns="http://www.w3.org/1999/xhtml" xml:lang="en" lang="en">
 <head>
  <title>
</title>
<meta http-equiv="Content-Type" content="text/html;charset=utf-8" />
  <meta name='ocr-system' content='tesseract 3.04.00' />
  <meta name='ocr-capabilities' content='ocr_page ocr_carea ocr_par ocr_line ocrx_word'/>
</head>
<body>
  <div class='ocr_page' id='page_1' title='image "./devarietatefabu00fuchgoog_0159.png"; bbox 0 0 2626 4768; ppageno 0'>
   <div class='ocr_carea' id='block_1_1' title="bbox 659 413 885 491">
    <p class='ocr_par' dir='ltr' id='par_1_1' title="bbox 659 413 885 491">
     <span class='ocr_line' id='line_1_1' title="bbox 659 413 885 491; baseline 0.004 -20"><span class='ocrx_word' id='word_1_1' title='bbox 659 413 885 491; x_wconf 66' lang='grc'>...158-</span> 
     </span>
    </p>
   </div>
   <div class='ocr_carea' id='block_1_2' title="bbox 276 587 1293 1280">
    <p class='ocr_par' dir='ltr' id='par_1_2' title="bbox 276 587 1293 1280">
     <span class='ocr_line' id='line_1_2' title="bbox 277 587 1292 683; baseline -0.005 -19"><span class='ocrx_word' id='word_1_2' title='bbox 277 602 428 665; x_wconf 82' lang='lat' dir='ltr'>mestoria</span> <span class='ocrx_word' id='word_1_3' title='bbox 453 587 560 665; x_wconf 82' lang='lat' dir='ltr'>scelos</span> <span class='ocrx_word' id='word_1_4' title='bbox 583 599 692 683; x_wconf 79' lang='lat' dir='ltr'>(Serv.</span> <span class='ocrx_word' id='word_1_5' title='bbox 718 599 758 661; x_wconf 89' lang='lat' dir='ltr'>ad</span> <span class='ocrx_word' id='word_1_6' title='bbox 778 599 863 665; x_wconf 68' lang='lat' dir='ltr'>Aen:</span> <span class='ocrx_word' id='word_1_7' title='bbox 881 597 938 677; x_wconf 90' lang='lat' dir='ltr'>lll,</span> <span class='ocrx_word' id='word_1_8' title='bbox 963 621 976 660; x_wconf 86' lang='lat'>1</span> <span class='ocrx_word' id='word_1_9' title='bbox 1000 607 1036 660; x_wconf 90' lang='lat' dir='ltr'>et</span> <span class='ocrx_word' id='word_1_10' title='bbox 1057 597 1109 681; x_wconf 90' lang='lat'>17)</span> <span class='ocrx_word' id='word_1_11' title='bbox 1138 610 1210 662; x_wconf 86' lang='lat' dir='ltr'>aut</span> <span class='ocrx_word' id='word_1_12' title='bbox 1236 620 1292 659; x_wconf 85' lang='lat' dir='ltr'>ora</span> 
     </span>
     <span class='ocr_line' id='line_1_3' title="bbox 279 700 1292 786; baseline -0.004 -20"><span class='ocrx_word' id='word_1_13' title='bbox 279 706 354 766; x_wconf 92' lang='lat' dir='ltr'>culo</span> <span class='ocrx_word' id='word_1_14' title='bbox 376 703 533 767; x_wconf 85' lang='lat' dir='ltr'>monitum</span> <span class='ocrx_word' id='word_1_15' title='bbox 554 703 678 786; x_wconf 88' lang='lat' dir='ltr'>fugisse</span> <span class='ocrx_word' id='word_1_16' title='bbox 689 711 847 782; x_wconf 70' lang='lat' dir='ltr'>narrant,</span> <span class='ocrx_word' id='word_1_17' title='bbox 868 703 988 763; x_wconf 91' lang='lat' dir='ltr'>Delum</span> <span class='ocrx_word' id='word_1_18' title='bbox 1000 700 1205 778; x_wconf 78' lang='lat' dir='ltr'>mdevenit,</span> <span class='ocrx_word' id='word_1_19' title='bbox 1234 709 1292 762; x_wconf 87' lang='lat' dir='ltr'>tun</span> 
     </span>
     <span class='ocr_line' id='line_1_4' title="bbox 279 803 1293 888; baseline -0.008 -16"><span class='ocrx_word' id='word_1_20' title='bbox 279 807 451 888; x_wconf 78' lang='lat' dir='ltr'><strong>Cytheram</strong></span> <span class='ocrx_word' id='word_1_21' title='bbox 472 819 509 868; x_wconf 89' lang='lat' dir='ltr'>nt</span> <span class='ocrx_word' id='word_1_22' title='bbox 529 805 723 888; x_wconf 86' lang='lat' dir='ltr'>Dionysius,</span> <span class='ocrx_word' id='word_1_23' title='bbox 757 803 887 864; x_wconf 83' lang='lat' dir='ltr'><strong>Cretam</strong></span> <span class='ocrx_word' id='word_1_24' title='bbox 908 813 946 864; x_wconf 90' lang='lat' dir='ltr'>ut</span> <span class='ocrx_word' id='word_1_25' title='bbox 966 803 1144 886; x_wconf 81' lang='lat' dir='ltr'>Virgilius,</span> <span class='ocrx_word' id='word_1_26' title='bbox 1179 805 1223 864; x_wconf 92' lang='lat' dir='ltr'>in</span> <span class='ocrx_word' id='word_1_27' title='bbox 1248 805 1293 864; x_wconf 78' lang='lat' dir='ltr'>Pe</span> 
     </span>
     <span class='ocr_line' id='line_1_5' title="bbox 278 905 1293 992; baseline -0.007 -20"><span class='ocrx_word' id='word_1_28' title='bbox 278 910 496 992; x_wconf 90' lang='lat' dir='ltr'>loponnesum</span> <span class='ocrx_word' id='word_1_29' title='bbox 517 916 557 968; x_wconf 90' lang='lat' dir='ltr'>ut</span> <span class='ocrx_word' id='word_1_30' title='bbox 575 905 748 968; x_wconf 78' lang='lat' dir='ltr'>Pausanias</span> <span class='ocrx_word' id='word_1_31' title='bbox 777 907 846 983; x_wconf 81' lang='grc' dir='ltr'>(ΙΙΙ,</span> <span class='ocrx_word' id='word_1_32' title='bbox 868 923 906 966; x_wconf 77' lang='lat' dir='ltr'>na</span> <span class='ocrx_word' id='word_1_33' title='bbox 932 906 983 987; x_wconf 85' lang='grc' dir='ltr'>ιι)</span> <span class='ocrx_word' id='word_1_34' title='bbox 1006 907 1066 983; x_wconf 86' lang='lat' dir='ltr'>ait,</span> <span class='ocrx_word' id='word_1_35' title='bbox 1088 919 1153 967; x_wconf 90' lang='lat' dir='ltr'>aut</span> <span class='ocrx_word' id='word_1_36' title='bbox 1179 907 1220 966; x_wconf 90' lang='lat' dir='ltr'>in</span> <span class='ocrx_word' id='word_1_37' title='bbox 1245 909 1293 967; x_wconf 85' lang='lat' dir='ltr'>Ar·</span> 
     </span>
     <span class='ocr_line' id='line_1_6' title="bbox 278 1001 1293 1092; baseline -0.007 -17"><span class='ocrx_word' id='word_1_38' title='bbox 278 1013 426 1091; x_wconf 86' lang='lat' dir='ltr'>cadiam,</span> <span class='ocrx_word' id='word_1_39' title='bbox 458 1023 529 1072; x_wconf 91' lang='lat' dir='ltr'>tum</span> <span class='ocrx_word' id='word_1_40' title='bbox 551 1008 753 1092; x_wconf 84' lang='lat' dir='ltr'>Zacynthum</span> <span class='ocrx_word' id='word_1_41' title='bbox 773 1001 952 1092; x_wconf 80' lang='lat' dir='ltr'>navigavit,</span> <span class='ocrx_word' id='word_1_42' title='bbox 982 1009 1137 1071; x_wconf 86' lang='lat' dir='ltr'>Leucada</span> <span class='ocrx_word' id='word_1_43' title='bbox 1180 1008 1293 1070; x_wconf 84' lang='lat' dir='ltr'>deinde</span> 
     </span>
     <span class='ocr_line' id='line_1_7' title="bbox 276 1112 1292 1201; baseline -0.004 -23"><span class='ocrx_word' id='word_1_44' title='bbox 276 1125 312 1178; x_wconf 87' lang='lat' dir='ltr'>et</span> <span class='ocrx_word' id='word_1_45' title='bbox 333 1112 534 1177; x_wconf 86' lang='lat' dir='ltr'>Ambraciam</span> <span class='ocrx_word' id='word_1_46' title='bbox 556 1114 692 1196; x_wconf 82' lang='lat' dir='ltr'>appulit,</span> <span class='ocrx_word' id='word_1_47' title='bbox 712 1121 878 1197; x_wconf 86' lang='lat' dir='ltr'>postremo</span> <span class='ocrx_word' id='word_1_48' title='bbox 899 1114 1037 1201; x_wconf 82' lang='lat' dir='ltr'>Epirum</span> <span class='ocrx_word' id='word_1_49' title='bbox 1058 1114 1188 1196; x_wconf 87' lang='lat' dir='ltr'>attigit,</span> <span class='ocrx_word' id='word_1_50' title='bbox 1214 1114 1292 1175; x_wconf 83' lang='lat' dir='ltr'>unde</span> 
     </span>
     <span class='ocr_line' id='line_1_8' title="bbox 279 1216 617 1280; baseline -0.006 0"><span class='ocrx_word' id='word_1_51' title='bbox 279 1223 313 1280; x_wconf 90' lang='lat' dir='ltr'>in</span> <span class='ocrx_word' id='word_1_52' title='bbox 327 1216 458 1279; x_wconf 86' lang='lat' dir='ltr'>¹ltaliam</span> <span class='ocrx_word' id='word_1_53' title='bbox 480 1217 617 1279; x_wconf 87' lang='lat' dir='ltr'>traiecit.</span> 
     </span>
    </p>
   </div>
   <div class='ocr_carea' id='block_1_3' title="bbox 597 1723 967 1800">
    <p class='ocr_par' dir='ltr' id='par_1_3' title="bbox 597 1723 967 1800">
     <span class='ocr_line' id='line_1_9' title="bbox 597 1723 967 1800; baseline -0.005 -1"><span class='ocrx_word' id='word_1_54' title='bbox 597 1723 812 1800; x_wconf 85' lang='lat' dir='ltr'><strong>CAPUT</strong></span> <span class='ocrx_word' id='word_1_55' title='bbox 861 1725 967 1800; x_wconf 87' lang='lat' dir='ltr'><strong>XIX.</strong></span> 
     </span>
    </p>
   </div>
   <div class='ocr_carea' id='block_1_4' title="bbox 399 1907 1078 2008">
    <p class='ocr_par' dir='ltr' id='par_1_4' title="bbox 399 1907 1078 2008">
     <span class='ocr_line' id='line_1_10' title="bbox 399 1907 1078 2008; baseline -0.004 -4"><span class='ocrx_word' id='word_1_56' title='bbox 399 1907 401 1914; x_wconf 35' lang='lat'><strong>¹</strong></span> <span class='ocrx_word' id='word_1_57' title='bbox 476 1947 711 2006; x_wconf 78' lang='lat' dir='ltr'>neutros</span> <span class='ocrx_word' id='word_1_58' title='bbox 746 1947 1078 2008; x_wconf 76' lang='lat' dir='ltr'>ucu1v0uuu.</span> 
     </span>
    </p>
   </div>
   <div class='ocr_carea' id='block_1_5' title="bbox 278 2189 1281 2318">
    <p class='ocr_par' dir='ltr' id='par_1_5' title="bbox 278 2189 1281 2318">
     <span class='ocr_line' id='line_1_11' title="bbox 278 2189 1281 2318; baseline -0.005 -27"><span class='ocrx_word' id='word_1_59' title='bbox 278 2189 325 2291; x_wconf 81' lang='lat' dir='ltr'>ln</span> <span class='ocrx_word' id='word_1_60' title='bbox 350 2225 441 2287; x_wconf 86' lang='lat' dir='ltr'>nulla</span> <span class='ocrx_word' id='word_1_61' title='bbox 469 2226 532 2287; x_wconf 88' lang='lat' dir='ltr'>alia</span> <span class='ocrx_word' id='word_1_62' title='bbox 558 2237 652 2308; x_wconf 89' lang='lat' dir='ltr'>parte</span> <span class='ocrx_word' id='word_1_63' title='bbox 681 2222 864 2318; x_wconf 81' lang='lat' dir='ltr'>fabularum</span> <span class='ocrx_word' id='word_1_64' title='bbox 894 2223 998 2286; x_wconf 91' lang='lat' dir='ltr'>maior</span> <span class='ocrx_word' id='word_1_65' title='bbox 1034 2233 1104 2284; x_wconf 86' lang='lat' dir='ltr'>erat</span> <span class='ocrx_word' id='word_1_66' title='bbox 1134 2223 1281 2302; x_wconf 78' lang='lat' dir='ltr'>varietas,</span> 
     </span>
    </p>
   </div>
   <div class='ocr_carea' id='block_1_6' title="bbox 175 2317 1282 4176">
    <p class='ocr_par' dir='ltr' id='par_1_6' title="bbox 175 2317 1282 4176">
     <span class='ocr_line' id='line_1_12' title="bbox 278 2317 1272 2426; baseline -0.004 -24"><span class='ocrx_word' id='word_1_67' title='bbox 278 2341 381 2403; x_wconf 88' lang='lat' dir='ltr'>maior</span> <span class='ocrx_word' id='word_1_68' title='bbox 403 2342 481 2402; x_wconf 93' lang='lat' dir='ltr'>olim</span> <span class='ocrx_word' id='word_1_69' title='bbox 499 2342 652 2404; x_wconf 83' lang='lat' dir='ltr'>narrandi</span> <span class='ocrx_word' id='word_1_70' title='bbox 679 2351 714 2403; x_wconf 94' lang='lat' dir='ltr'>et</span> <span class='ocrx_word' id='word_1_71' title='bbox 741 2339 884 2426; x_wconf 84' lang='lat' dir='ltr'>fingendi</span> <span class='ocrx_word' id='word_1_72' title='bbox 909 2349 982 2404; x_wconf 88' lang='lat' dir='ltr'>erat</span> <span class='ocrx_word' id='word_1_73' title='bbox 1008 2317 1144 2420; x_wconf 89' lang='lat' dir='ltr'>lubido,</span> <span class='ocrx_word' id='word_1_74' title='bbox 1171 2359 1272 2418; x_wconf 85' lang='lat' dir='ltr'>neque</span> 
     </span>
     <span class='ocr_line' id='line_1_13' title="bbox 278 2445 1274 2540; baseline -0.001 -33"><span class='ocrx_word' id='word_1_75' title='bbox 278 2447 313 2507; x_wconf 92' lang='lat' dir='ltr'>in</span> <span class='ocrx_word' id='word_1_76' title='bbox 332 2447 399 2507; x_wconf 89' lang='lat' dir='ltr'>ulla</span> <span class='ocrx_word' id='word_1_77' title='bbox 432 2448 494 2508; x_wconf 89' lang='lat' dir='ltr'>alia</span> <span class='ocrx_word' id='word_1_78' title='bbox 524 2460 617 2529; x_wconf 89' lang='lat' dir='ltr'>parte</span> <span class='ocrx_word' id='word_1_79' title='bbox 639 2448 738 2531; x_wconf 86' lang='lat' dir='ltr'>magis</span> <span class='ocrx_word' id='word_1_80' title='bbox 771 2458 942 2530; x_wconf 89' lang='lat' dir='ltr'>praeterea</span> <span class='ocrx_word' id='word_1_81' title='bbox 963 2469 1029 2540; x_wconf 74' lang='lat' dir='ltr'>non</span> <span class='ocrx_word' id='word_1_82' title='bbox 1040 2445 1274 2510; x_wconf 77' lang='lat' dir='ltr'>-historicorum</span> 
     </span>
     <span class='ocr_line' id='line_1_14' title="bbox 279 2549 1279 2634; baseline 0.002 -26"><span class='ocrx_word' id='word_1_83' title='bbox 279 2559 406 2609; x_wconf 90' lang='lat' dir='ltr'>tantum</span> <span class='ocrx_word' id='word_1_84' title='bbox 427 2559 461 2611; x_wconf 88' lang='lat' dir='ltr'>et</span> <span class='ocrx_word' id='word_1_85' title='bbox 474 2549 736 2634; x_wconf 82' lang='lat' dir='ltr'>geographorum</span> <span class='ocrx_word' id='word_1_86' title='bbox 758 2550 817 2614; x_wconf 87' lang='lat' dir='ltr'>sed</span> <span class='ocrx_word' id='word_1_87' title='bbox 837 2552 974 2613; x_wconf 89' lang='lat' dir='ltr'>aliorum</span> <span class='ocrx_word' id='word_1_88' title='bbox 991 2570 1126 2633; x_wconf 89' lang='lat' dir='ltr'>quoque</span> <span class='ocrx_word' id='word_1_89' title='bbox 1148 2551 1279 2632; x_wconf 89' lang='lat' dir='ltr'>scripto·</span> 
     </span>
     <span class='ocr_line' id='line_1_15' title="bbox 277 2655 1282 2742; baseline 0.001 -26"><span class='ocrx_word' id='word_1_90' title='bbox 277 2676 351 2716; x_wconf 88' lang='lat' dir='ltr'>rum</span> <span class='ocrx_word' id='word_1_91' title='bbox 372 2668 501 2717; x_wconf 85' lang='lat' dir='ltr'>versata</span> <span class='ocrx_word' id='word_1_92' title='bbox 522 2666 571 2718; x_wconf 88' lang='lat' dir='ltr'>est</span> <span class='ocrx_word' id='word_1_93' title='bbox 593 2657 771 2735; x_wconf 88' lang='lat' dir='ltr'>euriositas,</span> <span class='ocrx_word' id='word_1_94' title='bbox 794 2679 889 2740; x_wconf 92' lang='lat' dir='ltr'>quam</span> <span class='ocrx_word' id='word_1_95' title='bbox 908 2657 942 2717; x_wconf 94' lang='lat' dir='ltr'>in</span> <span class='ocrx_word' id='word_1_96' title='bbox 954 2657 1042 2720; x_wconf 87' lang='lat' dir='ltr'>hisce</span> <span class='ocrx_word' id='word_1_97' title='bbox 1061 2655 1194 2736; x_wconf 81' lang='lat' dir='ltr'>fabulis,</span> <span class='ocrx_word' id='word_1_98' title='bbox 1218 2658 1282 2742; x_wconf 89' lang='lat' dir='ltr'>qui·</span> 
     </span>
     <span class='ocr_line' id='line_1_16' title="bbox 276 2754 1281 2839; baseline 0.006 -25"><span class='ocrx_word' id='word_1_99' title='bbox 276 2754 336 2815; x_wconf 92' lang='lat' dir='ltr'>bus</span> <span class='ocrx_word' id='word_1_100' title='bbox 367 2775 449 2836; x_wconf 87' lang='lat' dir='ltr'>quae</span> <span class='ocrx_word' id='word_1_101' title='bbox 478 2756 719 2818; x_wconf 85' lang='lat' dir='ltr'>revertentibus</span> <span class='ocrx_word' id='word_1_102' title='bbox 753 2756 794 2818; x_wconf 91' lang='lat' dir='ltr'>ab</span> <span class='ocrx_word' id='word_1_103' title='bbox 827 2766 1009 2839; x_wconf 81' lang='lat' dir='ltr'>expugnato</span> <span class='ocrx_word' id='word_1_104' title='bbox 1053 2757 1112 2819; x_wconf 91' lang='lat' dir='ltr'>llio</span> <span class='ocrx_word' id='word_1_105' title='bbox 1149 2759 1281 2820; x_wconf 86' lang='lat' dir='ltr'>Graecis</span> 
     </span>
     <span class='ocr_line' id='line_1_17' title="bbox 276 2855 1282 2942; baseline 0.004 -25"><span class='ocrx_word' id='word_1_106' title='bbox 276 2855 476 2934; x_wconf 80' lang='lat' dir='ltr'>accidissent,</span> <span class='ocrx_word' id='word_1_107' title='bbox 498 2857 718 2921; x_wconf 84' lang='lat' dir='ltr'>tradebantur.</span> <span class='ocrx_word' id='word_1_108' title='bbox 760 2860 882 2921; x_wconf 89' lang='lat' dir='ltr'>Earum</span> <span class='ocrx_word' id='word_1_109' title='bbox 899 2857 1098 2937; x_wconf 89' lang='lat' dir='ltr'>fabularum,</span> <span class='ocrx_word' id='word_1_110' title='bbox 1121 2879 1208 2942; x_wconf 79' lang='lat' dir='ltr'>quae</span> <span class='ocrx_word' id='word_1_111' title='bbox 1231 2885 1282 2921; x_wconf 90' lang='lat' dir='ltr'>an·</span> 
     </span>
     <span class='ocr_line' id='line_1_18' title="bbox 277 2949 1280 3042; baseline 0.002 -22"><span class='ocrx_word' id='word_1_112' title='bbox 277 2957 375 3042; x_wconf 89' lang='lat' dir='ltr'>tiquis</span> <span class='ocrx_word' id='word_1_113' title='bbox 406 2957 606 3040; x_wconf 85' lang='lat' dir='ltr'>temporibus</span> <span class='ocrx_word' id='word_1_114' title='bbox 641 2978 703 3041; x_wconf 88' lang='lat' dir='ltr'>per</span> <span class='ocrx_word' id='word_1_115' title='bbox 732 2949 790 3019; x_wconf 88' lang='lat' dir='ltr'>ora</span> <span class='ocrx_word' id='word_1_116' title='bbox 825 2957 991 3020; x_wconf 90' lang='lat' dir='ltr'>hominum</span> <span class='ocrx_word' id='word_1_117' title='bbox 1029 2957 1227 3022; x_wconf 86' lang='lat' dir='ltr'>ferebantur</span> <span class='ocrx_word' id='word_1_118' title='bbox 1254 2972 1280 3022; x_wconf 84' lang='lat' dir='ltr'>et</span> 
     </span>
     <span class='ocr_line' id='line_1_19' title="bbox 279 3061 1278 3151; baseline 0.006 -29"><span class='ocrx_word' id='word_1_119' title='bbox 279 3061 372 3146; x_wconf 92' lang='lat' dir='ltr'>quasi</span> <span class='ocrx_word' id='word_1_120' title='bbox 393 3082 498 3123; x_wconf 85' lang='lat' dir='ltr'>novae</span> <span class='ocrx_word' id='word_1_121' title='bbox 521 3082 649 3147; x_wconf 86' lang='lat' dir='ltr'>semper</span> <span class='ocrx_word' id='word_1_122' title='bbox 671 3063 935 3144; x_wconf 83' lang='lat' dir='ltr'>succrescebant,</span> <span class='ocrx_word' id='word_1_123' title='bbox 958 3073 995 3125; x_wconf 93' lang='lat' dir='ltr'>ut</span> <span class='ocrx_word' id='word_1_124' title='bbox 1016 3063 1161 3146; x_wconf 89' lang='lat' dir='ltr'>gentium</span> <span class='ocrx_word' id='word_1_125' title='bbox 1185 3076 1278 3151; x_wconf 84' lang='lat' dir='ltr'>atquc</span> 
     </span>
     <span class='ocr_line' id='line_1_20' title="bbox 278 3162 1277 3244; baseline 0.006 -22"><span class='ocrx_word' id='word_1_126' title='bbox 278 3171 440 3222; x_wconf 88' lang='lat' dir='ltr'>terrarum</span> <span class='ocrx_word' id='word_1_127' title='bbox 461 3162 576 3224; x_wconf 90' lang='lat' dir='ltr'>notitia</span> <span class='ocrx_word' id='word_1_128' title='bbox 596 3165 705 3228; x_wconf 89' lang='lat' dir='ltr'>nescio</span> <span class='ocrx_word' id='word_1_129' title='bbox 727 3173 838 3226; x_wconf 90' lang='lat' dir='ltr'>utrum</span> <span class='ocrx_word' id='word_1_130' title='bbox 859 3162 961 3224; x_wconf 82' lang='lat' dir='ltr'>droam</span> <span class='ocrx_word' id='word_1_131' title='bbox 983 3172 1077 3226; x_wconf 89' lang='lat' dir='ltr'>aucta</span> <span class='ocrx_word' id='word_1_132' title='bbox 1097 3164 1199 3244; x_wconf 89' lang='lat' dir='ltr'>magis</span> <span class='ocrx_word' id='word_1_133' title='bbox 1223 3179 1277 3242; x_wconf 85' lang='lat' dir='ltr'>est,</span> 
     </span>
     <span class='ocr_line' id='line_1_21' title="bbox 276 3261 1276 3350; baseline 0.007 -29"><span class='ocrx_word' id='word_1_134' title='bbox 276 3269 335 3322; x_wconf 91' lang='lat' dir='ltr'>aut</span> <span class='ocrx_word' id='word_1_135' title='bbox 355 3263 533 3323; x_wconf 84' lang='lat' dir='ltr'>accuratius</span> <span class='ocrx_word' id='word_1_136' title='bbox 557 3261 706 3344; x_wconf 89' lang='lat' dir='ltr'>delinita,</span> <span class='ocrx_word' id='word_1_137' title='bbox 733 3278 859 3328; x_wconf 89' lang='lat' dir='ltr'>mature</span> <span class='ocrx_word' id='word_1_138' title='bbox 881 3264 1013 3350; x_wconf 89' lang='lat' dir='ltr'>quidem</span> <span class='ocrx_word' id='word_1_139' title='bbox 1042 3262 1154 3325; x_wconf 90' lang='lat' dir='ltr'>orbem</span> <span class='ocrx_word' id='word_1_140' title='bbox 1179 3287 1276 3349; x_wconf 87' lang='lat' dir='ltr'>quen·</span> 
     </span>
     <span class='ocr_line' id='line_1_22' title="bbox 278 3365 1275 3451; baseline 0.005 -25"><span class='ocrx_word' id='word_1_141' title='bbox 278 3365 350 3426; x_wconf 91' lang='lat' dir='ltr'>dam</span> <span class='ocrx_word' id='word_1_142' title='bbox 373 3365 610 3428; x_wconf 86' lang='lat' dir='ltr'>concludebant</span> <span class='ocrx_word' id='word_1_143' title='bbox 630 3379 769 3448; x_wconf 82' lang='lat' dir='ltr'>poetae„</span> <span class='ocrx_word' id='word_1_144' title='bbox 802 3367 892 3431; x_wconf 83' lang='lat' dir='ltr'>onius</span> <span class='ocrx_word' id='word_1_145' title='bbox 914 3379 1041 3450; x_wconf 90' lang='lat' dir='ltr'>partem</span> <span class='ocrx_word' id='word_1_146' title='bbox 1061 3367 1203 3451; x_wconf 87' lang='lat' dir='ltr'>aliquam</span> <span class='ocrx_word' id='word_1_147' title='bbox 1224 3373 1275 3433; x_wconf 93' lang='lat' dir='ltr'>ho-</span> 
     </span>
     <span class='ocr_line' id='line_1_23' title="bbox 277 3465 1275 3554; baseline 0.008 -28"><span class='ocrx_word' id='word_1_148' title='bbox 277 3465 330 3527; x_wconf 89' lang='lat' dir='ltr'>die</span> <span class='ocrx_word' id='word_1_149' title='bbox 357 3468 390 3527; x_wconf 91' lang='lat' dir='ltr'>in</span> <span class='ocrx_word' id='word_1_150' title='bbox 418 3467 563 3528; x_wconf 91' lang='lat' dir='ltr'>manibus</span> <span class='ocrx_word' id='word_1_151' title='bbox 598 3467 752 3530; x_wconf 86' lang='lat' dir='ltr'>habemus</span> <span class='ocrx_word' id='word_1_152' title='bbox 776 3469 959 3553; x_wconf 86' lang='lat' dir='ltr'>Odysseam.</span> <span class='ocrx_word' id='word_1_153' title='bbox 1000 3470 1100 3532; x_wconf 87' lang='lat' dir='ltr'>Hisce</span> <span class='ocrx_word' id='word_1_154' title='bbox 1130 3474 1275 3554; x_wconf 83' lang='lat' dir='ltr'>quaeda</span> 
     </span>
     <span class='ocr_line' id='line_1_24' title="bbox 276 3567 1276 3652; baseline 0.007 -20"><span class='ocrx_word' id='word_1_155' title='bbox 276 3568 399 3651; x_wconf 83' lang='lat' dir='ltr'>Ulyssis</span> <span class='ocrx_word' id='word_1_156' title='bbox 436 3567 602 3630; x_wconf 87' lang='lat' dir='ltr'>erroribus</span> <span class='ocrx_word' id='word_1_157' title='bbox 635 3583 669 3632; x_wconf 90' lang='lat' dir='ltr'>et</span> <span class='ocrx_word' id='word_1_158' title='bbox 690 3571 815 3634; x_wconf 88' lang='lat' dir='ltr'>casibus</span> <span class='ocrx_word' id='word_1_159' title='bbox 843 3585 1036 3652; x_wconf 89' lang='lat' dir='ltr'>narrantur,</span> <span class='ocrx_word' id='word_1_160' title='bbox 1069 3573 1182 3636; x_wconf 89' lang='lat' dir='ltr'>similia</span> <span class='ocrx_word' id='word_1_161' title='bbox 1210 3579 1276 3638; x_wconf 91' lang='lat' dir='ltr'>aliis</span> 
     </span>
     <span class='ocr_line' id='line_1_25' title="bbox 279 3676 1275 3759; baseline 0.004 -21"><span class='ocrx_word' id='word_1_162' title='bbox 279 3676 471 3738; x_wconf 86' lang='lat' dir='ltr'>carminibus</span> <span class='ocrx_word' id='word_1_163' title='bbox 493 3676 610 3738; x_wconf 88' lang='lat' dir='ltr'>tradita</span> <span class='ocrx_word' id='word_1_164' title='bbox 631 3677 731 3740; x_wconf 89' lang='lat' dir='ltr'>fuisse</span> <span class='ocrx_word' id='word_1_165' title='bbox 754 3678 794 3738; x_wconf 90' lang='lat' dir='ltr'>de</span> <span class='ocrx_word' id='word_1_166' title='bbox 816 3679 1042 3759; x_wconf 87' lang='lat' dir='ltr'>Neoptolemo,</span> <span class='ocrx_word' id='word_1_167' title='bbox 1063 3681 1203 3742; x_wconf 87' lang='lat' dir='ltr'>Nestore</span> <span class='ocrx_word' id='word_1_168' title='bbox 1223 3703 1275 3744; x_wconf 90' lang='lat' dir='ltr'>ce-</span> 
     </span>
     <span class='ocr_line' id='line_1_26' title="bbox 280 3779 1272 3864; baseline 0.004 -24"><span class='ocrx_word' id='word_1_169' title='bbox 280 3780 425 3864; x_wconf 88' lang='lat' dir='ltr'>terisque</span> <span class='ocrx_word' id='word_1_170' title='bbox 452 3779 586 3842; x_wconf 88' lang='lat' dir='ltr'>ducibus</span> <span class='ocrx_word' id='word_1_171' title='bbox 610 3779 751 3843; x_wconf 89' lang='lat' dir='ltr'>dubitari</span> <span class='ocrx_word' id='word_1_172' title='bbox 776 3781 830 3843; x_wconf 83' lang='lat' dir='ltr'>vix</span> <span class='ocrx_word' id='word_1_173' title='bbox 849 3781 988 3863; x_wconf 71' lang='lat' dir='ltr'>poterit,</span> <span class='ocrx_word' id='word_1_174' title='bbox 1019 3780 1159 3863; x_wconf 85' lang='lat' dir='ltr'>quamvis</span> <span class='ocrx_word' id='word_1_175' title='bbox 1190 3785 1272 3844; x_wconf 88' lang='lat' dir='ltr'>enim</span> 
     </span>
     <span class='ocr_line' id='line_1_27' title="bbox 278 3878 1271 3963; baseline 0 -23"><span class='ocrx_word' id='word_1_176' title='bbox 278 3880 476 3943; x_wconf 87' lang='lat' dir='ltr'>foecundum</span> <span class='ocrx_word' id='word_1_177' title='bbox 506 3882 706 3943; x_wconf 90' lang='lat' dir='ltr'>Graecorum</span> <span class='ocrx_word' id='word_1_178' title='bbox 732 3880 895 3963; x_wconf 88' lang='lat' dir='ltr'>ingenium</span> <span class='ocrx_word' id='word_1_179' title='bbox 923 3880 956 3940; x_wconf 89' lang='lat' dir='ltr'>in</span> <span class='ocrx_word' id='word_1_180' title='bbox 983 3878 1139 3962; x_wconf 87' lang='lat' dir='ltr'>fingendis</span> <span class='ocrx_word' id='word_1_181' title='bbox 1165 3901 1271 3942; x_wconf 83' lang='lat' dir='ltr'>narra·</span> 
     </span>
     <span class='ocr_line' id='line_1_28' title="bbox 277 3971 1267 4067; baseline 0 -23"><span class='ocrx_word' id='word_1_182' title='bbox 277 3983 418 4045; x_wconf 88' lang='lat' dir='ltr'>tionibus</span> <span class='ocrx_word' id='word_1_183' title='bbox 440 3994 538 4067; x_wconf 90' lang='lat' dir='ltr'>atque</span> <span class='ocrx_word' id='word_1_184' title='bbox 559 3983 687 4046; x_wconf 84' lang='lat' dir='ltr'>fabellis</span> <span class='ocrx_word' id='word_1_185' title='bbox 709 3982 810 4045; x_wconf 86' lang='lat' dir='ltr'>fuisse</span> <span class='ocrx_word' id='word_1_186' title='bbox 831 3991 968 4062; x_wconf 86' lang='lat' dir='ltr'>statuas,</span> <span class='ocrx_word' id='word_1_187' title='bbox 1003 4003 1077 4044; x_wconf 87' lang='lat' dir='ltr'>eum</span> <span class='ocrx_word' id='word_1_188' title='bbox 1091 3971 1152 4064; x_wconf 85' lang='lat' dir='ltr'>¹qui</span> <span class='ocrx_word' id='word_1_189' title='bbox 1170 3982 1203 4042; x_wconf 91' lang='lat' dir='ltr'>in</span> <span class='ocrx_word' id='word_1_190' title='bbox 1222 3983 1267 4044; x_wconf 88' lang='lat' dir='ltr'>his</span> 
     </span>
     <span class='ocr_line' id='line_1_29' title="bbox 175 4085 1267 4176; baseline 0 -28"><span class='ocrx_word' id='word_1_191' title='bbox 175 4117 178 4124; x_wconf 90' lang='lat'>·</span> <span class='ocrx_word' id='word_1_192' title='bbox 276 4087 514 4176; x_wconf 77' lang='lat' dir='ltr'>narrationibus</span> <span class='ocrx_word' id='word_1_193' title='bbox 544 4089 631 4151; x_wconf 86' lang='lat' dir='ltr'>inest</span> <span class='ocrx_word' id='word_1_194' title='bbox 646 4086 806 4152; x_wconf 83' lang='lat' dir='ltr'>&#39;ordinem</span> <span class='ocrx_word' id='word_1_195' title='bbox 826 4098 1038 4169; x_wconf 86' lang='lat' dir='ltr'>mutuamque</span> <span class='ocrx_word' id='word_1_196' title='bbox 1059 4103 1167 4146; x_wconf 88' lang='lat' dir='ltr'>rerum</span> <span class='ocrx_word' id='word_1_197' title='bbox 1184 4085 1267 4152; x_wconf 83' lang='lat' dir='ltr'>inter</span> 
     </span>
    </p>
   </div>
   <div class='ocr_carea' id='block_1_7' title="bbox 0 0 1318 4768">
    <p class='ocr_par' dir='ltr' id='par_1_7' title="bbox 0 0 1318 4768">
     <span class='ocr_line' id='line_1_30' title="bbox 0 0 1318 4768; baseline 0 0"><span class='ocrx_word' id='word_1_198' title='bbox 0 0 1318 4768; x_wconf 95' lang='lat' dir='ltr'> </span> 
     </span>
    </p>
   </div>
  </div>
 </body>
</html>
