2722 4776
505 434 706 496 ...11—

133 627 204 671 rem
223 605 381 670 turbaret.
403 607 442 667 ln
462 607 615 666 Homero·
631 603 717 665 enim
744 601 844 665 totius
867 593 1013 663 culturae
1034 597 1135 662 omnl-

119 727 254 791 umque
274 707 411 784 artium,
440 727 522 790 quae
549 707 666 770 deinde
695 705 782 790 apud
809 708 948 769 Graecos
980 702 1136 766 efflorue-

132 813 220 883 runt,
242 801 347 867 omnia
367 803 487 864 semina
509 806 679 866 coniuncta
700 813 792 884 sunt3
829 823 867 863 ea
888 814 996 864 eutem
1027 799 1136 860 hilari-

136 917 185 969 tas
207 909 377 991 laetusque
398 908 456 981 ille
489 911 580 970 color
614 910 718 991 prima
750 916 860 984 erant,
894 904 1030 990 quaein
1051 905 1139 966 omni

135 1011 278 1070 carmine
300 1020 333 1070 et
354 1012 469 1092 quovis
491 1010 649 1072 artificum
683 1029 785 1092 opere
817 1007 1078 1093 requirebantur.
1099 1039 1138 1050 --

136 1113 202 1175 Sed
223 1126 291 1174 tum
312 1114 393 1173 tales
414 1135 480 1175 non
502 1126 594 1176 erant
615 1135 721 1200 neque
750 1123 935 1195 temporum
964 1131 1070 1193 neque
1093 1108 1141 1170 vl-

137 1225 189 1277 tae
211 1215 364 1290 rationes,
386 1222 451 1286 taur
474 1214 639 1276 discordes
661 1224 694 1274 et
716 1213 883 1286 diversae,
904 1221 942 1272 ut
973 1217 1072 1292 poeta
1100 1227 1141 1269 ex

137 1312 310 1376 subtilibus
332 1322 539 1394 computatae
561 1313 746 1376 festivitatis
769 1322 804 1374 et
824 1311 1000 1396 exquisitae
1014 1311 1142 1391 elegan-

137 1417 203 1481 tiae
224 1414 359 1510 legibus,
381 1416 459 1500 quid
481 1417 652 1478 dicendum
674 1431 729 1478 aut
750 1416 922 1478 tacendum
942 1427 1038 1490 esset,
1059 1413 1141 1474 ludl-

89 1542 106 1591 η
138 1525 246 1591 caret,
278 1536 344 1575 non
374 1516 420 1575 ita
447 1517 481 1576 in
502 1517 627 1579 diversa
651 1517 797 1579 abierant
826 1514 990 1577 hominum
1012 1514 1144 1574 illorum

137 1615 262 1693 studia,
295 1626 332 1676 ut
353 1629 471 1696 poetae
502 1617 604 1676 stoica
625 1611 777 1697 superbia
805 1614 988 1698 aequalium
1009 1633 1144 1673 suorum
1171 1679 1175 1696 ,

138 1721 325 1803 saeculique
356 1720 454 1781 vitam
474 1738 650 1802 moresque
672 1715 873 1793 fastidirent,
907 1732 1013 1798 neque
1040 1711 1144 1772 homi-

138 1843 197 1886 nes
220 1843 258 1882 ea
278 1822 413 1883 mollitie
436 1820 634 1883 effaeminati
655 1832 756 1898 erant,
779 1829 817 1881 ut
837 1818 922 1881 vitae
944 1815 1071 1877 labores
1092 1834 1144 1874 re-

139 1924 267 1988 eordari
287 1924 436 2002 nollent,
470 1945 551 2025 quos
589 1924 698 1984 fontes
731 1923 874 1984 laetitiae
890 1933 924 1982 et
956 1917 1058 1980 dulcis
1087 1915 1145 1978 otii
1173 1927 1174 1934 ’

140 2027 386 2090 fundamentum
419 2039 640 2110 cognoverant
666 2026 716 2100 ¹¹).
759 2025 880 2086 insedit
913 2023 1065 2106 profecto
1112 2019 1146 2079 in

142 2136 344 2194 Graecorum
377 2145 547 2213 poetarum
566 2142 661 2214 atque
694 2127 852 2206 artificum
881 2125 1069 2208 pectoribus
1094 2141 1146 2184 ae·

141 2243 233 2294 terna
251 2231 381 2314 pulchri
403 2244 436 2292 et
459 2231 585 2294 honesti
607 2231 754 2312 species,
787 2249 826 2290 ex
854 2249 917 2313 qua
945 2233 1076 2288 cunctas
1098 2221 1146 2284 di·-

140 2335 234 2396 rinae
256 2334 332 2394 artis
354 2336 483 2415 regulas
512 2336 666 2417 legesque
699 2332 894 2410 hauserunt,
927 2348 1051 2412 neque,
1084 2325 1147 2388 nisi
1188 2315 1192 2328 '

141 2430 277 2515 perditis
300 2430 502 2512 temporibus
525 2429 691 2493 delicatuli
718 2429 860 2513 posteri,
889 2446 1031 2509 uuquam
1059 2425 1146 2486 ullus

144 2558 197 2604 eas
220 2538 309 2619 leges
331 2537 490 2619 neglexit3
517 2535 576 2597 sed
606 2536 756 2616 opposita
778 2534 876 2596 luisse
899 2553 1013 2594 eorum
1041 2529 1147 2592 studia

93 2651 98 2663 ·
142 2637 286 2718 aprima
307 2637 461 2696 continuo
483 2644 588 2694 aetatu
616 2631 717 2713 ipsius
744 2632 834 2698 vilae
862 2633 1041 2698 rationibus
1064 2617 1148 2698 min·

142 2763 240 2826 quam
259 2737 339 2799 mihi
370 2734 558 2818 persuaderi
579 2735 722 2818 poterit3
756 2755 839 2818 quae
868 2735 952 2802 enim
988 2740 1131 2814 contrari

143 2856 218 2914 sunt
230 2889 240 2926 ‚
272 2852 462 2926 oppugnant
483 2863 518 2904 se
539 2843 695 2920 invicem,
719 2851 754 2904 et
774 2858 915 2926 urguent
937 2853 970 2906 et
991 2865 1148 2927 superare

142 2955 275 3018 student
296 2961 330 3013 et
350 2957 485 3031 superat
505 2945 797 3010 tandemalterum.
840 2948 907 3009 Sed
927 2945 1009 3008 illud
1031 2947 1148 3030 ipsum,

146 3055 233 3138 quod
253 3055 286 3115 in
308 3051 440 3115 Graecis
464 3047 681 3128 admiramur,
713 3048 857 3117 studium
890 3050 956 3113 tale
976 3070 1046 3112 esse
1068 3071 1149 3111 nun·

145 3175 241 3236 qnam
263 3161 412 3232 poterat,
442 3151 468 3210 si
491 3149 655 3232 religionis
685 3149 838 3212 limitibus
868 3151 1149 3234 circumscriptum

143 3256 271 3331 linisset,
293 3273 374 3334 quae
391 3273 524 3334 semper
546 3263 672 3314 eertum
692 3251 821 3335 aliquod
845 3263 879 3314 et
900 3266 1048 3316 accurate
1069 3253 1148 3316 defi-

93 3337 96 3352 ³
144 3358 248 3432 pitum
270 3366 379 3434 tenet,
408 3377 531 3438 neque,
562 3357 621 3429 uisi
650 3357 815 3418 immutata
835 3359 925 3440 prius
947 3360 1015 3440 ipsa
1038 3359 1148 3436 fuerit,

146 3457 274 3531 amittit.
326 3456 425 3546 Quod
450 3457 589 3517 studium
618 3458 645 3519 si
675 3457 824 3539 religioni
852 3461 1037 3540 oppositum
1066 3458 1148 3519 adeo

145 3560 245 3627 fuisse
268 3559 385 3620 dicitur
405 3568 504 3640 atqup
524 3559 740 3635 eontrarium,
774 3569 842 3618 tum
864 3557 1149 3620 demonstrandum

147 3671 206 3741 est,
229 3661 391 3746 quomodo
411 3649 575 3724 vinculum
596 3658 696 3739 illud,
725 3679 793 3741 quo¹
818 3659 926 3742 poesis
954 3672 1147 3742 ceteraeque

145 3833 428 3867 *m*

192 3946 231 4026 ¹¹)
254 3947 312 4028 τῆς
334 3941 364 4006 δ”
383 3941 504 4027 (αἱρετῆς
525 3940 650 4028 ἱδρῶτα
663 3941 742 4008 θεοῖ
762 3941 990 4027 προπάροιθεν
1012 3942 1149 4030 ἔθηκαν.

215 4056 332 4124 Hesiod.
354 4045 422 4128 e'py.
447 4057 505 4122 287⁴,
