2626 4768
698 467 737 478 --
783 435 919 498 176-

307 623 400 694 ptum
420 609 573 672 iactatum
593 629 675 686 esse,
698 631 741 673 ne
761 597 896 691 periret*
909 605 1064 689 Aegisthi
1088 605 1237 682 facinore,
1250 605 1263 666 il

308 710 459 793 Aeschyli
480 713 554 773 loco
576 711 749 794 significari
767 722 872 793 putes.
913 709 991 771 Fuit
1023 717 1150 770 autem
1188 709 1263 770 fortas

271 895 274 902 Ι
307 813 433 896 aliquis,
456 813 512 894 qni
534 813 729 874 Homericae
750 809 937 886 narrationi,
957 811 1173 888 Mercurium
1192 811 1263 869 missu

308 933 395 993 esse,
417 923 454 975 ut
473 911 631 996 Aegistho
651 932 694 974 ne
725 910 890 975 occideret
910 913 1200 992 Agamemnonem
1218 911 1263 970 edic

309 1028 411 1097 reret,
433 1031 507 1101 apte
529 1030 713 1102 opponeret
733 1018 817 1080 hano
838 1017 879 1082 de
895 1019 1047 1082 Menelao
1074 1021 1167 1081 Iovis
1189 1019 1263 1080 consil

307 1122 349 1183 ad
368 1122 551 1204 Aegyptum
573 1121 714 1183 deducto
735 1119 887 1182 fabulam.
928 1122 981 1182 De
1002 1123 1079 1183 eius
1102 1123 1140 1183 in
1156 1122 1263 1183 Phoeni

307 1247 357 1287 am
380 1235 414 1288 et
435 1229 577 1310 Cyprum
597 1227 764 1290 erroribus
783 1228 945 1289 rarissima
967 1229 1057 1311 apud
1082 1231 1263 1311 scriptores,

306 1329 447 1407 mentio,
479 1331 558 1412 quin
578 1328 696 1391 Strabo
718 1331 743 1406 l,
764 1350 798 1410 p.
817 1329 858 1398 64
879 1351 953 1390 eum
973 1327 1015 1388 ad
1035 1327 1198 1390 Sidonios
1216 1327 1263 1388 Pho

306 1433 394 1493 niues
416 1453 484 1494 non
503 1431 609 1494 credit
630 1431 817 1510 devenisse3
848 1431 948 1492 mulia
975 1439 1094 1492 autem
1118 1431 1189 1492 eius
1209 1449 1263 1487 nou

306 1546 417 1598 menta
458 1554 629 1616 superesse
664 1533 854 1595 dicebantur
883 1532 917 1592 in
946 1532 1116 1614 Aegypto.
1162 1532 1263 1624 Quaen

306 1636 434 1698 Helena
471 1655 567 1720 quam
598 1633 644 1695 ibi
672 1633 867 1715 recepisset,
893 1646 1089 1719 narrantur,
1123 1633 1263 1713 tragicum

306 1737 440 1814 fabulas,
463 1739 596 1807 omitt03
629 1736 671 1801 of.
693 1740 784 1804 Serv.
805 1738 844 1800 ad
864 1742 947 1800 Aen.
968 1733 1131 1814 x1‚‘262;
1157 1734 1263 1819 Lycopl

304 1845 366 1906 Bao
389 1851 424 1904 et
443 1841 488 1903 ibi
509 1847 620 1906 Tzetz.
644 1842 810 1925 Canopum
840 1841 887 1903 ibi
916 1841 1033 1905 urbem
1068 1845 1105 1904 in
1125 1839 1263 1902 memoria

306 1946 535 2029 gubernatoris
558 1945 646 2006 naris
667 1963 743 2005 suae
764 1941 926 2022 condidit,
956 1944 1066 2008 Strab.
1092 1946 1199 2018 XVll,
1223 1939 1263 2001 ni

202 2091 204 2098 ,
306 2053 348 2130 (ἒς
371 2049 482 2132 Steph.
505 2053 583 2130 Byz.
617 2070 641 2110 s.
663 2069 710 2120 ις
744 2049 876 2110 Troiani
898 2051 1037 2132 captivi,
1076 2051 1137 2136 qui
1168 2069 1227 2109 cun
1252 2059 1263 2101 u

304 2152 492 2233 navigarent
512 2149 556 2210 ibi
578 2148 617 2210 ab
637 2169 678 2211 eo
701 2147 857 2212 defecisse
879 2162 913 2212 et
932 2171 950 2210 a
970 2170 1050 2232 rege
1074 2147 1263 2232 Aegyptiam

305 2253 437 2316 civitate
460 2250 570 2314 donati
601 2251 723 2336 urbem
748 2250 896 2311 statuisse
927 2247 1098 2331 dicuntur,x
1117 2250 1205 2314 Diod.
1219 2248 1263 2321 lp«

303 2351 358 2422 663
381 2351 494 2434 steph.
514 2356 593 2436 Byz.
611 2373 638 2420 s.
659 2372 689 2413 v.
711 2352 837 2432 auvam
858 2351 1001 2413 Pharum
1022 2351 1259 2416 condidimus

306 2455 442 2517 moriam
476 2454 573 2531 socii,
607 2452 650 2514 id.
673 2473 697 2514 s.
717 2473 751 2518 v.
782 2448 906 2536 piper,
925 2454 1016 2515 'urbs
1038 2455 1128 2516 adeo
1150 2443 1259 2514 Menelaus

269 2628 270 2632 η
306 2555 390 2618 dicta
425 2558 458 2616 iu
479 2562 626 2639 Aegypto
655 2557 756 2618 luisse
787 2556 921 2636 dicitur,
954 2557 996 2622 ci.
1023 2559 1136 2622 Str-ab.
1157 2550 1263 2622 xvim

308 2657 395 2733 1155,
419 2658 462 2726 C;
496 2657 708 2740 StephByz.
741 2675 834 2727 s.2v.;
866 2667 1000 2739 portum
1033 2659 1156 2720 eodem
1181 2646 1263 2714 nomin*

304 2760 491 2840 appelatum
524 2761 559 2820 in
583 2758 694 2824 Africa
721 2772 880 2820 memorat
900 2758 1062 2823 Herodot.
1088 2763 1145 2836 IV,
1170 2754 1228 2834 1693
1245 2737 1263 2802 ⁶¹

304 2861 421 2924 Strabo
455 2863 479 2938 1,
499 2882 532 2942 p.
555 2859 593 2926 68
603 2882 612 2939 3
645 2863 744 2940 XVII,
768 2883 799 2942 p.
825 2862 911 2944 1195,
934 2863 969 2924 C.
1005 2865 1149 2924 'I'zetzes
1176 2861 1263 2939 quoqu*

302 2963 336 3024 in
365 2963 537 3044 Cyrenaica
577 2961 709 3023 Africae
742 2964 917 3024 Antenoris
952 2961 1036 3025 filios
1070 2967 1129 3048 qui
1160 2976 1221 3021 cum
1246 2961 1263 3004 u

303 3064 401 3124 Troia
421 3059 637 3145 navigassent3
660 3064 843 3126 consedisse
863 3064 962 3126 tradit
984 3064 1023 3126 ad
1045 3087 1076 3126 v.
1100 3063 1162 3147 874
1181 3078 1214 3119 2¹
1230 3052 1263 3125 Ll*

302 3162 461 3243 simacho,
496 3163 550 3248 qui
587 3164 627 3224 de
661 3163 770 3226 reditu
803 3165 1000 3228 Achivorum
1033 3167 1218 3246 scripserat,
1243 3141 1263 3204 li

304 3284 386 3348 quae
409 3285 507 3346 supra
529 3263 720 3326 dicebantur
740 3287 773 3346 p.
799 3266 857 3326 155
865 3287 875 3344 3
897 3266 1002 3348 ipsum
1023 3286 1106 3328 vero
1123 3253 1263 3356 Menelaul

303 3363 343 3424 ad
365 3367 494 3446 Iapygas
516 3365 653 3426 venisse.
695 3367 768 3426 Non
799 3377 906 3426 tamen
938 3364 1014 3427 alibi
1044 3376 1195 3449 quantum
1222 3359 1263 3408 ⁵⁶¹⁰

302 3477 509 3528 monumenta
539 3489 688 3528 errorum
720 3471 787 3529 eius
817 3469 850 3530 in
881 3467 971 3530 ltalia
1002 3468 1216 3530 tradebantur.
1246 3449 1263 3505 ll

302 3569 405 3630 insula
426 3572 570 3632 Helenae
592 3570 632 3632 ad
652 3573 794 3633 Atticam
817 3571 876 3632 sita
897 3572 1023 3632 Helena
1044 3569 1118 3654 po'st
1147 3562 1192 3624 llii
1210 3545 1263 3615 exui

303 3675 390 3734 dium
410 3672 549 3756 primum
572 3695 589 3734 e
611 3695 692 3735 nave
722 3675 834 3736 exiisse
865 3675 998 3755 dicitur,
1029 3660 1263 3746 Paus.1‚35‚¹3

301 3775 452 3838 Eustath.
473 3775 512 3836 ad
533 3777 666 3857 Dionys.
686 3779 813 3860 Perieg.
834 3799 865 3840 v.
887 3780 958 3842 520.
997 3779 1170 3860 Postquam
1186 3764 1214 3822 in
1229 3768 1263 3834 Pi'

301 3887 395 3947 triam
428 3885 577 3949 rediisset
609 3885 648 3946 ab
678 3887 746 3947 aliis
767 3888 964 3969 Argivorum
985 3888 1019 3950 in
1039 3885 1191 3948 Helenam
1207 3867 1262 3926 iram

302 3991 456 4052 exarsisse
478 4004 628 4054 narratur
648 3990 692 4052 ita
713 4003 749 4053 ut
772 4012 842 4051 eam
865 3969 1014 4054 occidere
1049 3986 1211 4072 cuperculo
1235 3953 1258 4072 ab

301 4095 373 4154 aliis
394 4095 577 4182 Menelaum
609 4095 694 4156 inter
715 4107 749 4156 et
769 4094 921 4158 Orestem
954 4089 1041 4157 rixae
1075 4101 1108 4186 et
1138 4061 1259 4145 discordli
