2626 4768
538 386 849 494 0'-96-

257 599 296 664 ll.
320 621 343 678 t,
368 599 444 680 1453
466 597 577 661 Sobol.
598 594 783 681 Euripos.
806 597 856 673 28,
876 615 934 676 7¹3
956 594 1013 680 qui
1032 593 1074 656 ad
1093 613 1124 662 v.
1148 589 1192 654 23
1219 591 1286 653 Sn-

257 699 409 781 phoclcm
430 709 568 782 quatuor
588 699 836 780 Agamemnonis
860 694 943 758 illias
963 695 1093 758 finxisse
1115 696 1206 760 dicit
1229 719 1285 759 se·

256 801 446 882 iungentum
467 799 665 884 Iphigeniam
686 799 726 860 ab
748 797 950 882 Iphianassa,
971 819 1050 884 quas
1070 820 1173 860 unam
1196 821 1283 862 ean·

257 903 397 990 demque
419 923 491 966 asse
511 905 566 984 ait,
588 925 672 988 quae
686 904 854 966 sententia
874 902 968 966 nohis
989 907 1122 988 quoque'
1144 904 1284 986 placat,

256 1028 296 1072 ea
317 1010 403 1070 enim
422 1007 562 1086 nomina,
584 1027 667 1090 quae
688 1006 775 1070 idern
796 1004 986 1088 significant,
1009 1017 1283 1083 commntantur,

256 1113 364 1198 qualia
384 1121 462 1175 sunt
483 1112 649 1195 Iphigenia
671 1121 705 1173 et
727 1109 918 1194 Iphianassa.
955 1111 1102 1172 Alteram
1124 1111 1282 1192 Agame-

255 1214 382 1278 mnonis
403 1234 542 1296 poenam
564 1213 667 1295 tangit
687 1213 897 1294 Propertius,
931 1211 1008 1274 dum
1030 1213 1128 1276 dicit:
1166 1215 1283 1275 Sunt

254 1316 590 1400 Agamemnonias
612 1315 974 1377 testantialittora
996 1334 1277 1401 curas,·quae

255 1427 402 1480 notant
422 1415 578 1499 Argyni
598 1436 732 1501 poena
751 1418 934 1479 natantis
957 1437 1070 1500 aqua.
1096 1421 1198 1481 Hoc
1223 1423 1279 1482 iu·

253 1537 354 1584 vene
376 1515 525 1580 amisso
542 1519 812 1582 classemnnn
833 1521 1168 1600 solvitAtrides,
1191 1545 1276 1606 pro

255 1645 330 1710 qua
349 1629 524 1685 mactata
545 1634 611 1684 cst
632 1623 848 1706 Iphigenia
868 1645 995 1688 mora.
1014 1624 1274 1688 Broucllhusius

252 1731 299 1793 ibi
329 1751 400 1794 rem
430 1713 498 1792 nnn
522 1730 598 1790 satis
621 1727 754 1812 expedit
775 1729 844 1812 (Ill,
866 1731 896 1811 5,
917 1731 983 1814 51).
1024 1733 1154 1793 Nomen
1179 1731 1271 1816 apud

253 1835 367 1919 steph.
397 1837 476 1918 Byz.
497 1855 523 1896 s.
544 1856 575 1898 v.
606 1829 762 1918 ἄργεννος
792 1835 946 1898 scribitur
977 1859 1052 1900 eum
1087 1837 1223 1922 duplici
1244 1865 1271 1918 ν,

252 1945 424 2026 Argynnus
455 1942 541 2027 apud
561 1943 679 2008 Athen.
700 1945 794 2023 XIII,
822 1947 863 2006 80
885 1943 1157 2029 (pag.‘604D.).
1187 1949 1265 2014 Fuit

252 2042 305 2106 hic
326 2045 450 2107 iuvenis
473 2045 655 2125 formosus,
689 2045 784 2107 ouius·
808 2067 919 2108 amora
941 2052 1159 2130 Agamemno,
1190 2072 1268 2112 cum

252 2169 328 2210 oum
357 2157 521 2211 natantem
553 2149 586 2210 in
615 2147 771 2230 Cephison
799 2148 1030 2230 conspexisset,
1063 2162 1178 2236 captus
1204 2165 1268 2218 est.

184 2276 186 2282 ¹
251 2253 317 2313 Hic
330 2264 438 2312 autem
452 2251 484 2312 in
495 2251 650 2333 Cephisso
662 2252 695 2310 in
708 2251 775 2334 'quo
784 2247 885 2311 lavari
895 2261 1112 2314 consueverat
1123 2253 1263 2319 interiit.

332 2353 425 2414 Aliae
448 2373 579 2437 qunque
606 2351 734 2415 fabulae
761 2353 801 2414 ad
829 2352 912 2414 hanc
941 2353 1145 2415 Graecorum
1170 2353 1255 2433 apud

250 2455 367 2518 Aulida
399 2457 688 2518 commorationem
721 2457 993 2534 annectebantur,
1029 2468 1066 2517 ut
1101 2476 1179 2540 quae
1208 2454 1248 2515 dc

249 2558 412 2623 Teuthide
434 2561 594 2622 Arcadum
616 2579 695 2642 rege
717 2560 888 2620 Pausanias
911 2561 932 2621 l.
945 2559 984 2634 1.,
1006 2560 1088 2643 quae
1112 2559 1155 2621 de
1174 2559 1256 2621 Poe-

248 2662 384 2725 mandro
419 2661 517 2725 affert
543 2662 737 2725 Plutarchus
767 2663 934 2754 (Quaestt.
958 2662 1016 2724 Gr.
1048 2661 1123 2744 37),
1160 2682 1257 2746 quem

250 2765 388 2844 Gracci,
423 2763 497 2848 quia
528 2763 727 2845 expeditioni
760 2777 874 2826 contra
903 2766 1063 2826 Troianos
1096 2765 1257 2827 interesse

249 2865 427 2945 noluisset,
447 2867 481 2926 vi
502 2880 667 2926 armorum
695 2887 814 2950 cogere
846 2867 990 2930 voluisse
1012 2865 1220 2934 dicebantur.

329 2967 410 3029 Cum
423 2966 539 3058 deinde
549 2967 666 3029 Aulida
676 2970 902 3053 relinquerent
912 2969 1040 3045 GraecI,
1053 2969 1174 3030 Anium
1184 2991 1260 3032 cum

247 3067 374 3134 filiabus
396 3080 523 3151 cuncta,
546 3093 628 3157 qnae
651 3073 690 3134 ad
708 3076 831 3136 victum
844 3073 1023 3135 neccssaria
1039 3083 1160 3151 esseut,
1184 3095 1261 3160 sup·

245 3175 408 3262 peditasse
421 3175 520 3238 tradit
532 3177 666 3259 Dictysl
680 3188 762 3240 extr.
770 3199 780 3258 3
804 3175 902 3260 quod,
924 3177 952 3237 si
965 3179 1107 3239 Taetzae
1120 3178 1162 3239 ad
1176 3181 1256 3262 Lyc.

246 3281 307 3361 670
328 3275 408 3340 fides
428 3277 542 3339 haberi
563 3289 684 3361 potest,
705 3280 767 3340 iam
782 3279 898 3361 Cypria
919 3279 1060 3340 carmina
1069 3280 1261 3360 narrabant,

247 3404 431 3464 quanquam
450 3383 484 3443 iu
496 3381 607 3442 Procli
630 3383 791 3466 excerptis
813 3403 854 3442 ne
875 3383 978 3445 verbo
992 3383 1124 3470 quidem
1146 3405 1185 3447 ca
1204 3407 1259 3448 res

245 3495 458 3546 memoratur.
490 3475 568 3546 Fuii
585 3487 686 3546 Anius
707 3485 763 3548 ille
784 3483 869 3546 filius
882 3487 1044 3570 Apollinis
1067 3510 1107 3550 ax
1125 3487 1257 3570 Rhoan,

245 3579 394 3667 Staphyli
417 3596 450 3648 et
472 3585 746 3670 Chrysothemidis
767 3585 851 3666 iilia,
882 3610 964 3673 quac
995 3590 1094 3652 etiam
1114 3592 1257 3655 Aesonis
1309 3593 1311 3644 l

244 3713 328 3753 uxor
349 3691 534 3772 dicebatur,
556 3697 668 3754 Tacta.
691 3692 848 3755 Chiliadd.
869 3695 923 3773 VI,
946 3698 1005 3778 980
1013 3718 1023 3776 3
1059 3697 1113 3757 alii
1141 3706 1253 3759 autem

244 3807 380 3859 matrem
403 3798 472 3860 eius
495 3797 649 3859 Creusam
670 3801 847 3876 nominant,
868 3797 910 3860 cf.
933 3800 1058 3861 Conon.
1081 3803 1254 3880 narr.41;

244 3895 459 3981 Palaephatus
473 3911 479 3927 ⁴
492 3909 566 3960 eum
586 3898 808 3984 propinquum
840 3919 910 3960 esse
932 3897 1092 3960 Anchisae
1114 3897 1253 3977 dixerat,

217 3995 220 4001 “
246 3995 289 4058 cf.
310 3997 405 4076 ,Seru
427 3999 468 4062 ad
488 4004 570 4064 Aen.
594 3999 647 4078 III,
668 4001 725 4077 80,
756 3998 834 4060 item
856 3996 1013 4077 fortasse,
1045 4005 1083 4058 ut
1104 3996 1252 4060 Sturaius

245 4099 374 4163 nomine
405 4099 491 4161 illius
511 4098 647 4164 'Rboeus
669 4099 847 4184 deeeptus,
875 4099 1007 4163 Zarecis
1042 4094 1252 4162 iillum'dicit
