2626 4768
524 1043 529 1054 ,
607 975 830 1052 CAPUT
881 977 963 1054 XV.

476 1197 764 1258 ussoerooumus
781 1202 831 1256 ΕΤ
850 1201 1083 1260 dunstatus.

282 1439 387 1552 Finis
418 1488 621 1574 Aethiopidis
653 1491 781 1554 Aretini
815 1505 885 1556 erat
918 1495 1062 1558 namatio
1096 1491 1141 1556 de
1183 1503 1281 1556 morte

280 1597 402 1680 Aiacis,
427 1617 482 1662 res
512 1597 630 1662 deinde
650 1613 756 1683 gestas
785 1602 935 1684 exposuit
955 1601 1096 1664 Lesohss
1123 1603 1163 1664 in
1190 1602 1282 1664 lliads

280 1723 401 1788 parva,
430 1704 476 1766 ita
502 1711 540 1766 ut
572 1703 698 1766 initium
726 1706 874 1768 carminis
901 1707 1027 1769 laceret
1054 1705 1095 1767 ab·
1117 1723 1280 1769 murorum

280 1805 418 1885 iudicio,
447 1803 546 1868 linem
566 1807 702 1869 veroin
722 1805 876 1876 simulato
899 1809 1100 1872 Graecorum
1119 1809 1239 1872 reditu
1259 1830 1275 1870 e

256 1907 316 1968 oin
345 1921 430 1992 equo
462 1907 572 1990 ligneo
601 1907 634 1968 in
662 1905 777 1970 urbem
805 1929 823 1968 a
851 1908 999 1970 Troianis
1028 1907 1181 1973 advecto.
1227 1911 1281 2005 Qui

283 2007 413 2072 easdem
434 2026 487 2072 res
508 2020 681 2090 praeterea
710 2015 960 2086 enarraverunt,
987 2027 1053 2070 non
1082 2015 1148 2070 tam
1182 2011 1216 2072 in
1240 2030 1279 2071 re

282 2111 344 2174 hus
365 2111 442 2196 ipsis
463 2130 560 2196 quam
579 2111 613 2173 iu
633 2123 820 2194 temporum
840 2110 967 2174 ratione
999 2108 1212 2174 dissentiunt:
1241 2113 1277 2172 sio

282 2217 423 2283 Lesclaes
452 2219 593 2301 primum
613 2217 846 2297 Philoctetam,
868 2231 938 2280 tum
964 2217 1183 2301 Eurypylum,
1208 2223 1273 2301 post

173 2346 183 2358 ’
284 2309 359 2384 eum
379 2323 632 2404 Neoptolemum
658 2323 825 2385 advenisse
851 2320 1020 2403 narrabat3
1054 2321 1196 2416 Quintus
1212 2317 1267 2398 pri·

180 2425 188 2440 ⁰
284 2449 376 2490 mum
392 2427 593 2511 Eurypylum
613 2439 682 2490 tum
702 2429 956 2512 Neoptolemum
985 2427 1102 2491 deinde
1123 2427 1267 2490 Philoste-

283 2543 350 2594 tam
371 2529 546 2592 adductum
567 2549 638 2591 esse
660 2528 754 2611 dicit,
785 2551 882 2616 quam
910 2530 1115 2615 potissimum
1137 2531 1273 2617 sequitur

283 2631 397 2717 Dictys
419 2639 454 2696 et
475 2633 626 2696 'Pzetzem

365 2729 417 2797 Da
437 2733 622 2798 Philocteta
643 2757 702 2800 nos
724 2736 855 2822 quidem
881 2737 944 2799 iam
965 2738 1106 2822 egimus3
1138 2739 1277 2820 Eurypy-

284 2835 336 2902 lus
369 2843 479 2898 antsm
505 2836 561 2897 illa
595 2843 666 2897 erat
694 2837 779 2899 lilius
810 2837 964 2922 Telephi,
994 2841 1159 2919 Mysorum
1189 2839 1277 2920 regis,

285 2937 376 3000 euius
409 2937 585 3001 adventum
618 2949 779 3000 memorat
811 2943 975 3002 Homerus
1006 2939 1070 3004 Οὐ.
1097 2945 1125 3020 λ,
1155 2943 1221 3006 aaa
1240 2961 1277 3022 sq.

285 3044 342 3130 qui
361 3045 454 3107 loeus
475 3023 583 3109 multis
605 3047 886 3130 grammaticorum
909 3047 1161 3110 dubitationibus
1184 3049 1276 3111 obao

283 3147 354 3206 xius
376 3155 456 3212 eret..
477 3148 589 3212 Socios
612 3151 707 3226 enim,
729 3170 811 3234 quos
834 3147 982 3226 adduxit,
1006 3147 1110 3209 Ceteii
1131 3147 1276 3210 dicuntur

287 3249 479 3332 (Κηζειόι),
508 3252 657 3314 ostict.
680 3253 733 3330 IV,
766 3248 823 3331 143
846 3251 957 3345 Quint.
981 3253 1033 3325 Vl,
1060 3253 1133 3329 135,
1169 3271 1278 3316 nornen

285 3353 466 3416 derivatum
488 3365 537 3419 est
558 3377 576 3419 a
598 3355 710 3417 Ceteio
736 3356 837 3433 amni,
871 3356 980 3438 quiin
1004 3358 1134 3419 Caicum
1161 3357 1277 3423 inlluitt

285 3455 393 3518 strab.
414 3457 501 3534 XIII,
523 3475 594 3538 pag.
615 3475 691 3538 oar,
726 3455 822 3518 aliter
855 3458 971 3519 saltem
993 3458 1137 3538 expediri
1158 3459 1277 3543 nequit.

287 3564 466 3628 Advenisse
508 3571 616 3626 autem
664 3562 781 3624 dicitur
827 3575 1005 3624 commotus
1042 3565 1150 3626 multis
1190 3563 1275 3626 donis

193 3667 196 3679 '
289 3693 305 3728 a
346 3669 474 3731 Priamo
516 3666 619 3728 missis
666 3669 726 3750 ipsi
767 3681 801 3729 et
841 3669 937 3730 matri
978 3669 1045 3729 eius
1088 3669 1277 3748 Astyoches,

286 3773 405 3834 Priami
436 3769 559 3844 sorori,
592 3769 760 3854 inquibus
792 3791 889 3832 aurea
916 3771 1007 3848 vitis,
1042 3791 1137 3855 quam
1159 3771 1276 3853 lupitsr

286 3875 367 3936 Troi
386 3895 448 3957 pro
470 3880 563 3954 rapto
587 3871 772 3953 Ganymede
795 3871 934 3934 donasse
955 3873 1079 3950 fertur,
1106 3873 1275 3954 praecipuo

238 4001 239 4005 ¹
286 3973 503 4039 memorabilis
538 3981 618 4034 eret.
652 3973 800 4039 Eustath.
821 3975 860 4035 ad
883 3972 948 4038 Od.
970 3978 997 4051 l,
1019 3973 1079 4035 520
1100 3986 1134 4034 et
1155 3971 1273 4042 solsol,

288 4080 343 4162 qui
364 4097 401 4139 ea
422 4094 462 4136 ax
483 4073 632 4135 Acusilas
655 4072 770 4154 affert,
802 4074 923 4153 (stura.
957 4075 1069 4156 fragm.
1099 4093 1171 4155 pag.
1196 4069 1271 4145 sao.)
