2722 4776
682 412 885 478 ..44-

182 565 185 572 ’
274 599 350 642 men
372 579 470 642 occisi
490 579 671 644 Priamidae
703 580 824 664 legitur
853 579 939 665 apud
960 582 1046 648 Diot.
1070 583 1159 645 Cret.
1188 583 1235 660 tt,
1261 585 1302 655 43

276 695 310 744 et
333 685 387 762 tv,
408 705 444 764 73
474 681 537 745 lroo
558 683 690 768 quidem
710 695 879 766 postremo
898 687 972 748 loco
996 705 1068 746 eum
1090 685 1240 748 nothum
1262 687 1302 748 fi-

275 786 355 847 lium
388 785 476 866 dicit,
510 808 570 868 pro
608 809 674 872 quo
709 787 881 870 legendum
918 805 958 848 ex
985 790 1131 850 Homero
1163 788 1300 850 Anti-

274 887 444 970 phonus.
488 891 625 951 Taetzes
661 891 778 952 eodem
810 911 925 954 errore
958 891 1067 973 lapsus
1101 891 1297 974 Antiphoni

274 991 410 1054 nothum
425 994 546 1054 Priami
566 993 670 1054 lilium
683 992 770 1071 dicit,
793 993 957 1057 Homeris.
979 998 1038 1072 403
1061 993 1212 1088 Quintus
1229 997 1299 1056 Sin.

178 1083 180 1090 ’
274 1097 362 1174 Xlll,
386 1091 446 1160 214
467 1094 739 1176 'l'isiplrouum
760 1096 922 1175 nominat,
955 1095 1010 1178 qul
1032 1093 1118 1156 idem
1142 1096 1295 1161 videtur.

271 1201 341 1260 Pro
369 1200 640 1280 Aegeoneus‚
668 1200 759 1284 quod
785 1221 905 1263 noman
934 1198 1221 1282 suspectissimum
1252 1201 1297 1261 le·
1333 1215 1334 1256 t

274 1299 470 1388 giturssapud
490 1299 741 1382 Apollodorum,
763 1299 969 1363 scribendum
992 1319 1109 1363 censeo
1125 1302 1295 1385 Antipho·
1333 1285 1334 1344 l

274 1427 345 1487 uus,
368 1417 402 1468 et
422 1429 483 1491 pro
505 1407 643 1471 absurda
663 1410 806 1472 lectione
827 1409 945 1492 Hygini
967 1391 1230 1476 Brissonius.

340 1508 624 1592 Hipponous,
651 1531 719 1572 non
739 1508 861 1593 legitur
880 1508 944 1571 hoc
964 1530 1084 1572 nomen
1105 1510 1198 1593 apud
1222 1513 1289 1572 Ho-

275 1633 413 1694 merum,
435 1613 494 1690 sed
506 1615 727 1699 Hippothous,
750 1616 787 1676 ll.
811 1638 848 1689 ω,
871 1616 934 1693 251,
957 1617 1099 1681 cf.'Dict.
1113 1619 1209 1684 Cret.
1234 1618 1284 1696 tlt,

273 1738 313 1796 73
336 1719 448 1780 'laeta
469 1720 567 1780 Hom.
587 1712 670 1800 4473
698 1716 864 1778 Posthom.
885 1711 937 1802 49
979 1717 1184 1799 Hipposidus
1217 1737 1286 1780 car·

272 1834 407 1905 ruptum
429 1847 548 1888 nomen
570 1833 620 1887 est
641 1823 727 1908 apud
748 1826 911 1908 Hyginum
933 1838 967 1888 et
987 1824 1108 1910 ubique
1130 1825 1287 1890 Homeri·

274 1949 347 1988 cum
368 1929 608 1991 restituendum
629 1939 688 1992 est.
1029 1975 1031 1982 ,
1331 1861 1334 1970 l

353 2029 601 2113 Polydorus,
635 2031 677 2092 de
700 2051 765 2116 quo
787 2033 953 2093 Homerus
982 2032 1019 2096 tl.
1041 2055 1073 2106 v,
1100 2032 1162 2112 4⁰7
1193 2031 1282 2107 dicit,

268 2151 346 2215 'eum
367 2125 446 2198 natu
467 2137 634 2198 minimum
654 2138 775 2198 Priami
805 2135 947 2199 filiorum
974 2135 1089 2216 fuisse,
1123 2137 1283 2220 insignem
1333 2173 1334 2192 1

271 2248 380 2297 tamen
402 2239 572 2301 celeritate
585 2239 714 2321 pedum,
737 2259 835 2323 quern
857 2239 933 2300 dum
946 2260 1006 2322 per
1022 2241 1159 2324 primam
1176 2241 1279 2303 aciem
1333 2279 1334 2336 p

272 2341 548 2424 circumvagatus,
570 2343 715 2406 Achilles
737 2345 844 2406 iaculo
868 2345 995 2408 occidit.
1037 2349 1134 2408 Hunc
1162 2359 1197 2409 et
1216 2349 1276 2428 Ly·

211 2443 213 2451 '
271 2461 405 2506 'saonem
425 2444 555 2506 Priamo
577 2465 618 2506 ex
638 2445 734 2508 Altae
757 2443 822 2508 filia
838 2447 986 2510 Laotlroe
1006 2457 1099 2510 natos
1122 2468 1193 2520 esse
1209 2451 1272 2509 Ho-

270 2549 393 2612 merico
428 2550 503 2612 loco
525 2551 563 2614 tl.
587 2573 624 2635 φ,
646 2551 687 2614 85
709 2553 828 2617 Strabo
849 2555 938 2632 Xlll‚
972 2575 1044 2637 pag.
1071 2553 1271 2638 876130011-

268 2652 385 2716 firmat.
424 2654 565 2718 Diversa
587 2665 621 2716 et
654 2654 715 2714 alia
737 2652 778 2714 de
800 2675 839 2716 eo
870 2659 974 2718 ceteri
1002 2669 1151 2720 auctores
1178 2653 1265 2718 tradi·

246 2755 398 2837 derunt,
420 2779 559 2842 quorum
581 2779 619 2820 ea
639 2759 859 2841 vulgatissima
876 2760 938 2822 fuit
952 2761 1106 2839 narratio,
1127 2775 1262 2842 puerum,

266 2876 305 2925 ut
326 2862 415 2927 hello
437 2877 603 2947 superstes
626 2875 726 2946 esset,
748 2865 951 2928 educandum
973 2866 1104 2927 missum
1135 2883 1201 2926 esse
1229 2858 1268 2921 ad

265 2961 528 3052 Polymestorem
550 2969 708 3033 Thraciae
739 2993 860 3053 regern.
901 2973 1033 3055 Duplex
1059 2971 1134 3032 hinc
1164 2978 1271 3033 exorta

265 3069 385 3151 fabula,
408 3074 462 3135 alii
484 3075 568 3136 enim
591 3097 666 3136 eum
692 3075 737 3137 ibi
760 3099 777 3134 a
801 3075 933 3138 Graecis
963 3084 1094 3158 captum
1128 3095 1200 3138 esse
1228 3070 1271 3133 di·

266 3186 355 3246 cunt,
378 3178 433 3262 qui
455 3197 525 3239 eam
546 3179 713 3261 regionem
736 3176 875 3238 ducente
898 3177 997 3239 Aiace
1029 3177 1272 3261 depopulaban-

264 3294 338 3346 tur:
360 3284 445 3343 Dict.
470 3283 556 3348 Cret.
579 3283 619 3362 11,
646 3285 700 3361 18,
723 3299 783 3366 203
806 3283 898 3345 Serv.
922 3281 961 3341 ad
983 3281 1055 3343 Aen
1079 3282 1132 3357 tlt,
1155 3283 1184 3340 o.
1207 3281 1271 3338 Pro

236 3439 239 3450 .
265 3406 330 3470 quo
366 3406 439 3446 cum
472 3386 572 3466 legati
603 3387 805 3446 Graecorum
838 3395 876 3446 ut
907 3383 1035 3445 Helena
1073 3381 1269 3446 redderetur

263 3481 482 3566 postulassent
503 3505 610 3568 neque
632 3483 664 3544 id
686 3485 862 3566 impetrare
883 3481 1077 3563 potuissent,
1099 3500 1174 3541 eum
1197 3489 1269 3539 ante

265 3608 323 3649 ora
345 3567 561 3652 Troianorum
582 3587 742 3671 lapidibus
765 3586 966 3670 obruerunt3
998 3584 1044 3648 sic
1064 3582 1184 3666 Dictys
1199 3601 1271 3643 nar·

261 3702 322 3750 rat.
365 3689 496 3750 Servius
520 3698 628 3750 autern
652 3691 794 3751 Graecos
817 3689 973 3774 oppidum
993 3709 1055 3772 pro
1077 3683 1267 3747 redimendo

221 3815 223 3822 ¹
260 3811 366 3873 puero
390 3793 569 3874 postulasse
592 3791 686 3869 dicit,
709 3792 761 3853 cui
783 3787 832 3854 ob'
848 3813 917 3853 eam
938 3811 1009 3852 rem
1030 3786 1191 3851 Antandri
1212 3805 1268 3847 no·

260 3911 335 3952 mou
358 3891 468 3953 datum
491 3901 592 3972 esset,
621 3891 710 3978 quod
737 3893 822 3956 licet
837 3893 1058 3975 accepissent,
1081 3903 1189 3952 tamen
1211 3909 1269 3970 pu-

261 4013 353 4053 erum
376 3992 554 4056 crudeliter
577 3993 616 4054 ab
639 3993 676 4054 iis
698 4006 849 4057 necatum
871 3991 968 4057 esse.'
994 3995 1068 4056 Alia
1090 3991 1140 4057 esl
1175 3991 1266 4073 tragi-

257 4115 370 4157 corum
393 4110 566 4176 poetarum
588 4099 741 4176 narratio,
763 4117 903 4179 puerum
926 4119 942 4158 a
964 4099 1190 4177 Polymestore
1211 4091 1266 4155 ne·
