2626 4768
423 425 648 504 --165-··1

15 613 123 680 rant,
145 601 396 674 Beneventum,
415 593 652 675 Brundusium,
671 595 822 674 Venusia,
845 594 979 658 Genusia
1000 608 1034 657 et

15 705 124 782 eliae,
148 722 229 784 quas
256 707 425 762 enumerat
445 696 598 768 Servius3
619 696 661 761 cf.
684 700 794 762 lustin.
815 699 885 776 Xll,
908 715 940 767 25
961 699 1032 760 Lir.

15 807 136 883 KXV,
163 821 209 867 12.
229 799 337 862 Strab.
366 801 422 880 lv,
443 820 475 882 p·
505 801 568 864 328
589 818 654 884 sq.;
686 800 742 877 Vl,
763 819 795 881 p.
814 798 891 868 4343
921 797 1034 880 steph.

15 911 107 988 3yz.
132 924 158 968 s.
179 922 212 964 v.
231 895 457 982 'Apyvpt'rmq5
477 893 603 980 Ἀτριά,
624 897 817 979 Βενέβεντα,
837 899 1034 984 Διομήδεια,

15 1009 145 1072 Schol.
168 1005 261 1069 Pind.
285 1004 325 1066 ad
346 1006 437 1070 Nem.
458 1007 498 1082 X,
524 1023 569 1064 ru.
610 1004 723 1088 Varias
753 1004 793 1065 de
825 1019 931 1070 morte
966 1009 1033 1070 eius

15 1114 237 1176 narrationes
259 1109 357 1186 affert
377 1110 495 1173 Strabo
513 1113 569 1191 Vl,
590 1132 664 1194 pag.
684 1111 756 1182 436.
796 1114 861 1175 Alii
882 1135 956 1176 eum
978 1116 1034 1177 do-

15 1243 124 1282 mum
152 1229 341 1281 revocatum
368 1224 403 1277 et
435 1215 480 1276 ibi
505 1227 671 1279 mortuum
693 1237 785 1296 esse,
819 1217 873 1279 alii
906 1221 1034 1282 eumin

15 1323 163 1385 Daunia
184 1322 288 1383 evita
309 1319 503 1398 decessisse,
530 1320 584 1380 alii
604 1320 761 1381 ininsula
781 1321 961 1384 Diomedes
982 1343 1034 1383 sub

15 1425 107 1486 bito
131 1425 296 1486 evanuisse
318 1421 478 1499 dicebant,
498 1424 709 1488 intersectum
731 1445 800 1487 esse
821 1447 896 1487 eum
917 1430 1034 1488 aDau-

17 1545 79 1586 no
113 1522 213 1584 tradit
232 1527 369 1584 Tzetzes
398 1521 438 1583 ad
458 1525 536 1603 Lye.
562 1523 633 1587 603.
673 1528 892 1588 Immortalem
921 1549 1035 1590 eume

16 1625 182 1686 Minerva
202 1621 321 1682 factum
342 1640 414 1684 esse
442 1631 537 1682 vetus
565 1623 649 1682 fama
678 1635 745 1702 est,
772 1626 862 1686 cuius
883 1639 1033 1688 auctores

25 1731 153 1786 extant
172 1720 326 1786 Pindarus
347 1721 438 1782 Nem.
460 1720 501 1797 X,
526 1739 577 1799 123
608 1719 720 1801 ibycus
750 1723 868 1805 aliique
889 1745 971 1808 quos
992 1723 1037 1784 ihi

19 1824 150 1888 laudat
181 1823 387 1886 scholiastes.
427 1820 544 1904 Ibycus
572 1843 647 1886 eum
674 1826 876 1890 Hermionen
909 1829 1037 1890 duxisse

25 1929 87 2007 (in
115 1925 226 1988 insulis
256 1922 429 1984 beatorum
461 1925 593 2006 opinor)
628 1937 662 1986 et
688 1945 762 1988 curn
782 1928 951 1992 Dioscuris
978 1932 1037 1992 im·

30 2027 210 2094 mortalem
230 2022 354 2086 factum
375 2045 446 2086 esse
467 2023 654 2092 tradiderat.
685 2027 796 2090 Diviui
816 2029 958 2095 honores
971 2009 1037 2093 uon

34 2153 107 2194 uno
128 2131 234 2192 ltaliae
255 2129 330 2190 loco
352 2127 384 2190 ei
405 2127 648 2207 exhibebantur,
670 2129 733 2192 fuit
752 2132 911 2213 templum
924 2134 993 2194 eius
1004 2135 1038 2194 irl

34 2233 153 2296 intimo
174 2232 244 2297 sinu
256 2228 413 2290 Adriatici
433 2229 529 2290 maris
550 2215 716 2293 etVeheli
736 2231 769 2292 ei
788 2250 907 2313 equum
929 2211 1056 2294 album¹

33 2329 256 2403 immolabant,
278 2328 384 2390 Strab.
408 2330 448 2407 V,
469 2347 542 2410 pag.
563 2328 634 2394 328.
665 2330 861 2412 Sepulcrum
882 2333 950 2394 eius
971 2353 1038 2396 me·

29 2445 147 2504 ,morat
172 2429 293 2490 Plinius
315 2429 404 2488 Hist.
425 2429 497 2490 Nat.
517 2428 589 2504 Xll,
616 2431 648 2506 3,
667 2449 701 2512 Ρ.
736 2430 795 2514 329
831 2432 962 2514 platano
991 2433 1039 2496 in·

40 2531 143 2616 signe,
162 2529 279 2590 insulas
301 2552 431 2613 quoque
451 2531 647 2593 Diomedeas
675 2531 715 2594 ab
736 2535 807 2616 ipso
829 2535 930 2596 dictas
951 2555 1039 2596 com·

41 2640 198 2692 memorat
219 2629 274 2706 lll,
295 2629 350 2707 30,
369 2651 402 2710 Ρ.
422 2630 501 2709 7523
525 2627 566 2688 cf.
588 2627 695 2690 Strab.
715 2630 750 2692 ll.
770 2630 807 2691 ll.
835 2630 947 2692 Socios
969 2631 1037 2693 eius

38 2739 76 2800 iu
99 2757 172 2798 aves
192 2747 328 2800 mutatos
352 2756 422 2798 esse
443 2733 642 2813 fabulantur,
663 2735 718 2797 vel
739 2734 778 2796 ab
800 2735 883 2798 irata
896 2736 1039 2814 Venere,

40 2852 81 2902 ut
103 2838 230 2900 Ovidius
264 2849 392 2916 narrat,
420 2838 476 2901 vel
507 2859 585 2919 prae
613 2855 766 2898 moerore
786 2847 824 2899 ut
846 2842 983 2900 Tzetzes
1004 2847 1040 2900 et

43 2940 165 3004 Plinius
185 2941 227 3019 X,
248 2939 284 3002 61
308 2938 452 3002 tradunt.
491 2939 574 3020 Legi
607 2957 739 3022 quoque
766 2948 935 3000 merentur
955 2960 1039 3023 quae

45 3041 186 3124 Heynius
208 3063 277 3108 exc.
303 3045 329 3124 l,
361 3043 404 3104 ad
423 3044 506 3105 Aen.
526 3043 573 3104 XI
595 3041 748 3124 disputat,
770 3053 805 3104 ct
825 3041 980 3104 Niebuhr.
1001 3044 1041 3112 H.

44 3148 87 3208 R.
107 3149 130 3223 l,
148 3169 179 3228 p.
204 3145 269 3232 169.

124 3253 341 3313 Nestorem
363 3249 590 3311 dissentientes
607 3246 651 3308 'ab
669 3249 815 3310 Homero
836 3247 890 3308 alii
911 3245 1042 3308 domum

43 3356 153 3416 statim
171 3354 306 3418 rediisse
328 3377 394 3418 non
415 3352 604 3429 tradebant,
638 3350 696 3412 sed
727 3352 762 3412 in
789 3350 881 3412 ltalia
908 3349 1040 3434 abipso

50 3458 183 3520 sociisve
205 3457 273 3519 eius
295 3459 520 3538 Metapontum
541 3454 707 3518 conditum
736 3476 808 3518 esse
830 3455 1044 3534 affirmabant,

46 3555 154 3620 Strab.
172 3559 227 3636 Vl,
248 3581 281 3641 p.
300 3557 373 3628 406.
392 3560 443 3640 A3
463 3559 583 3623 Vellei.
600 3561 671 3622 Pat.
692 3559 717 3637 l,
742 3574 777 3641 ις
797 3559 891 3638 Pisae
912 3579 1044 3644 quoque

49 3657 248 3720 conditorem
281 3679 356 3720 eum
388 3659 489 3722 fuisse
521 3669 662 3738 narrant,
697 3659 803 3722 Strab.
825 3663 867 3740 V,
899 3683 931 3742 p.
965 3659 1045 3738 3463

51 3760 140 3822 Serv.
161 3761 201 3822 ad
221 3769 302 3824 Aen.
323 3764 365 3842 X,
388 3784 445 3847 ¹79
451 3785 463 3844 3
483 3764 667 3825 Heracleae
688 3763 776 3842 item,
797 3761 840 3827 cl.
860 3760 966 3824 strab.
988 3763 1045 3842 Vl,

50 3861 71 3923 l.
93 3863 131 3933 l.;
152 3865 245 3928 fuere
266 3865 364 3928 etiam
384 3865 441 3950 qui
462 3867 530 3928 eius
544 3875 789 3929 monumentum
810 3867 845 3928 iu
866 3865 969 3926 insula
978 3865 1045 3928 Ceo

51 3963 292 4076 deprehendere
313 3967 375 4032 sibi
394 3967 599 4048 viderentur,
620 3967 727 4032 Strab.
749 3969 790 4048 X,
811 3988 844 4052 p·
866 3967 940 4058 754,
959 3967 999 4027 B·
