2626 4768
647 379 875 442 *159-

260 546 336 608 rari.
376 546 414 607 Id
442 554 568 608 tantum
600 565 640 606 ex
660 544 840 610 Scholiasta
873 545 1031 626 efficitur,
1059 569 1133 611 non
1159 546 1292 628 legisse

261 673 337 716 eum
369 661 407 714 ut
436 671 523 716 nunc
557 653 678 736 legitur
708 673 740 720 v,
768 673 836 740 seq.
863 652 1067 740 Κασάνδρας
1099 654 1176 716 sed
1215 656 1292 716 Ka*

262 753 420 838 cdvdpar.
586 757 590 768 ‘

342 860 479 924 Hecuba
500 860 608 944 Ulyssi
639 859 775 944 obtigit,
805 860 918 952 Quint.
945 863 1031 940 XIV,
1060 881 1117 941 223
1161 860 1290 940 Eurip.

261 961 380 1029 Troad.
410 983 522 1046 saepe3
555 962 653 1026 Ovid.
684 968 812 1028 Metam.
846 968 935 1046 XIII,
968 963 1044 1046 4253
1079 972 1218 1028 Tzetz.
1253 966 1286 1025 ad

259 1063 339 1144 Lyc.
369 1063 451 1126 1183.
493 1065 665 1126 Pausanias
698 1087 716 1128 e
750 1066 938 1129 stesichoro
973 1067 1089 1149 affert,
1128 1087 1220 1129 eam
1252 1067 1285 1126 ab

204 1216 207 1224 ,
260 1165 413 1246 Apolline
432 1166 465 1228 in
485 1165 616 1248 Lyciam
638 1176 888 1251 transportatam
911 1189 980 1231 esse
1007 1171 1046 1245 X,
1077 1188 1129 1248 27,
1157 1185 1206 1248 23
1248 1165 1284 1227 ef.

260 1267 409 1351 Euripid.
431 1267 549 1330 Troad.
570 1270 640 1339 428.
682 1271 762 1328 Eam
786 1269 903 1330 Graeci
928 1291 1000 1330 eum
1021 1270 1126 1330 multa
1149 1269 1281 1350 princi·

261 1368 355 1467 pibps
377 1369 547 1431 maledicta
568 1371 734 1453 ingereret
755 1379 789 1432 et
810 1373 915 1433 omnia
942 1371 1080 1432 inlausta
1108 1370 1281 1432 exercitui

261 1480 464 1555 precaretur,
484 1472 643 1556 lapidibus
667 1472 816 1535 obrutam
829 1485 1040 1553 necaverunt,
1065 1475 1280 1556 sepulcrum·

263 1593 326 1654 que
355 1571 416 1654 ipsi
442 1573 528 1656 apud
558 1573 708 1655 Abydum
736 1582 934 1653 statuerunt,
964 1575 1051 1660 quod
1074 1577 1278 1655 Cynossema

260 1688 400 1757 propter
431 1676 558 1757 linguae
582 1679 648 1736 eius
681 1677 893 1759 petulantiam
926 1677 1152 1760 appellabant,
1192 1681 1280 1742 Dict.

260 1776 304 1855 V,
328 1773 380 1855 163
410 1774 454 1838 ol.
474 1776 559 1842 Plio.
578 1779 662 1838 Hist.
684 1781 722 1839 N.
744 1780 798 1858 IV,
827 1784 862 1844 18
885 1781 973 1862 (pag.
998 1801 1053 1857 ¹07
1075 1781 1224 1862 Franz.)
1250 1803 1268 1842 e

260 1880 381 1941 Pollux
402 1880 426 1959 1,
447 1880 477 1957 5,
494 1900 598 1964 ,quem
619 1882 816 1964 interpretes
846 1881 993 1958 laudant3
1024 1882 1158 1944 Strabo.
1184 1886 1279 1959 XIII,

261 1987 332 2070 889,
353 1987 410 2063 B.;
433 1987 545 2048 Tzetz.
568 1985 607 2046 ad
628 1989 705 2068 Lyc.
728 1987 802 2056 3155
834 1986 905 2050 330.
946 1985 995 2046 Ab
1016 1986 1141 2068 Ulyssis
1164 1989 1277 2050 militi-

260 2085 322 2148 bus
344 2105 414 2146 eam
434 2085 467 2146 in
487 2088 632 2148 Maronia
654 2088 791 2149 occisam
822 2108 893 2150 esse
915 2100 1067 2149 narratur
1087 2089 1121 2149 in
1147 2111 1271 2172 argum.

262 2195 438 2277 Odysseae.
482 2193 607 2274 (Schol.
638 2194 679 2255 ad
701 2194 765 2258 Od.
793 2194 843 2259 ed.
872 2198 995 2256 Buttm.
1017 2215 1050 2276 p.
1069 2195 1115 2274 3).
1163 2198 1200 2255 In
1223 2217 1270 2256 ca·

261 2317 336 2359 nem
377 2317 448 2358 eam
479 2308 635 2358 mutatam
676 2318 746 2359 esse
778 2298 839 2356 alia
869 2310 1019 2359 veterum
1052 2294 1165 2358 fabula
1194 2307 1263 2364 est;

264 2398 377 2492 Quint.
417 2399 481 2462 Sm.
513 2399 601 2477 XIV,
628 2398 706 2469 3483
738 2397 853 2479 Eurip.
886 2393 1013 2459 Hecub.
1050 2396 1128 2459 1255
1138 2419 1149 2475 3
1177 2395 1258 2458 rabi.

262 2498 407 2581 Hyginus
443 2500 518 2580 (rso
547 2511 581 2563 et
612 2497 683 2578 ιιι)
713 2507 840 2575 narrat,
872 2495 1040 2556 Hecubam
1068 2516 1103 2556 se
1124 2497 1160 2557 in
1180 2516 1266 2556 mare

262 2606 494 2688 praecipitasse
517 2618 551 2667 et
573 2625 684 2666 canem
706 2601 825 2666 factam
848 2622 935 2679 esse;
965 2599 1098 2662 Servius
1121 2599 1163 2660 ad
1185 2603 1268 2662 Aen.

263 2709 318 2786 111,
340 2707 359 2770 6
381 2727 471 2786 eam,
504 2728 577 2769 cum
598 2709 782 2789 agnovisset
817 2705 914 2767 occisi
934 2703 1089 2786 Polydori
1117 2702 1270 2782 cadaver,

265 2807 375 2871 flendo
406 2811 439 2874 in
467 2829 578 2872 canem
610 2828 801 2870 conversam
830 2825 901 2866 esse
938 2803 1053 2882 tradit,
1094 2826 1198 2887 quum
1234 2811 1292 2867 se'

265 2909 535 2993 praecipitarem
555 2908 767 2994 mareyellet
775 2929 784 2984 3
815 2905 903 2988 quod
925 2904 1015 2982 ideo,
1037 2904 1150 2986 inquit,
1176 2903 1269 2988 fingi-

265 3028 331 3093 tur,
352 3015 426 3104 quia
446 3014 544 3076 nimio
565 3013 680 3073 dolore
701 3011 839 3071 inaniter
862 3009 995 3070 Graecis
1017 3007 1268 3070 convitiabatur.

268 3113 405 3178 Ovidius
439 3117 517 3182 Met.
548 3115 636 3193 XIII,
667 3113 727 3196 267
756 3134 827 3174 earn
849 3135 865 3172 a
887 3111 1066 3180 Thracibus
1096 3111 1139 3174 ob
1170 3116 1268 3199 I’oly-

266 3221 417 3285 mestoris
451 3220 582 3284 caedem
612 3221 770 3304 lapidibus
792 3221 928 3308 petitam
956 3232 990 3281 et
1011 3229 1079 3280 tum
1100 3217 1132 3280 in
1153 3241 1266 3282 canem

266 3337 421 3394 mutatam
444 3347 513 3388 esse
535 3335 655 3388 narrat.

347 3429 499 3491 Hectoris
530 3426 630 3489 filium
652 3429 878 3511 Astyanactem
907 3425 1045 3486 emuris
1075 3427 1265 3510 praecipita.

267 3544 337 3594 tum
358 3551 427 3592 esse
451 3551 561 3592 omnes
584 3533 784 3614 antiquiores¹
803 3540 920 3611 poetae
941 3551 1006 3590 uno
1038 3549 1095 3590 oie
1123 3532 1262 3613 tradunt,

178 3653 182 3660 ’
267 3632 307 3696 ab
327 3621 441 3714 Ulysse
469 3652 543 3692 eum
571 3631 733 3692 deiectum
764 3652 835 3692 esse
865 3645 975 3693 narrat
995 3630 1150 3710 liesches3
1183 3639 1263 3718 Try·

267 3732 377 3818 pbiod.
399 3732 474 3804 6463
504 3739 615 3800 Tacta.
636 3733 799 3798 Posthcm.
831 3737 902 3816 734,
929 3736 1061 3797 Lucian.
1089 3735 1128 3796 de
1156 3740 1260 3803 sacrif.

177 3840 180 3844 ’
269 3841 302 3919 03
329 3849 385 3901 aut
405 3843 560 3906 suadente
581 3845 696 3925 Ulysse
717 3842 748 3903 id
783 3845 904 3904 factum
917 3857 996 3904 ‘esse
1019 3843 1147 3920 dieunt,
1167 3846 1259 3904 Euri-

268 3944 359 4028 pides
388 3946 505 4008 Troad.
538 3944 616 4028 7163
648 3945 746 4010 Ovid.
767 3949 845 4008 Met.
866 3947 950 4024 XIII,
984 3946 1061 4028 [μῦς
1094 3945 1256 4006 Pausanias

246 4047 309 4130 ¹X,
333 4045 383 4131 25,
404 4068 424 4138 9
446 4067 520 4114 eum
541 4069 559 4108 a
584 4048 803 4135 Neoptolemo
832 4068 898 4115 nun
925 4059 1034 4110 tamen
1063 4048 1254 4113 acommuui
