2722 4776
517 410 721 474 ..75..

36 615 41 620 .
70 591 76 600 ·
105 578 188 622 nam
214 559 255 642 (l,
279 557 330 640 16)
352 565 489 642 peracto
509 555 640 620 biennio
662 567 797 622 cunctos
818 553 916 620 duces
937 553 979 622 ad
999 551 1122 616 bollum

106 679 193 722 cum
213 659 349 726 navibus
370 661 560 723 convenisse
581 659 671 736 dicit,
691 667 730 721 ut
749 661 860 744 itaque
882 658 934 720 vix
957 655 1055 718 trium
1068 677 1124 716 an-

68 803 75 836 ;
105 787 235 829 norum
266 765 407 849 spatium
439 764 526 826 inter
550 776 681 847 raptum
708 764 855 826 Helenae
889 773 922 824 et
948 759 1123 822 adventum

48 932 62 942 η
107 865 324 928 Graecorum
344 865 376 924 in
399 865 530 926 Troiam
556 863 742 926 interfuisse
772 863 870 926 statui
890 863 1012 946 possit,
1042 882 1124 945 quo-

17 1011 18 1042 3
54 1038 70 1048 ..
104 989 191 1028 rum
211 977 338 1050 partem
359 967 386 1028 si
407 965 574 1028 erroribus
586 965 713 1028 Paridis
727 965 905 1026 absumtam
925 984 994 1026 esse
1016 961 1124 1026 trade·

41 1140 60 1150 -
108 1069 208 1148 bant,
224 1089 268 1137 ,eo
289 1069 388 1152 magis
407 1090 519 1132 rerum
542 1079 578 1133 et
597 1069 755 1151 temporis
776 1069 877 1130 series
899 1065 1124 1142 conveniebat,

52 1246 59 1252 Ι
110 1190 225 1255 neque
247 1169 280 1230 id
300 1170 421 1252 negligi
442 1181 498 1232 aut
511 1169 677 1232 contemni
690 1167 789 1231 dehet
809 1170 842 1230 in
855 1167 969 1230 ordine
991 1168 1123 1228 illorum

55 1355 60 1361 Ι
110 1273 313 1354 carminum,
342 1274 447 1358 qualis
468 1272 569 1337 fuisse
597 1271 711 1335 haberi
738 1274 859 1358 possit,
890 1271 1124 1336 concinnando.

113 1376 187 1438 Sed
206 1376 291 1438 idem
311 1375 426 1460 Dictys
456 1377 512 1456 (ll,
533 1384 569 1462 9)
592 1377 851 1454 Graecosinitio
885 1376 964 1438 noni
994 1374 1125 1437 demum

115 1479 193 1540 anni
214 1480 346 1540 Troiam
367 1479 536 1564 navigasse
563 1491 686 1546 narrat.
726 1481 819 1540 Haec
846 1479 951 1544 altera
972 1475 1125 1554 narratio,

27 1641 36 1648 .
113 1603 212 1668 quam
242 1602 336 1642 more
364 1601 443 1658 suo,
476 1601 518 1642 ne
552 1580 631 1664 quid
665 1581 809 1642 omisisse
829 1579 997 1658 videatur,
1026 1577 1125 1657 addit,
1176 1601 1181 1610 ·

114 1684 229 1745 multis
251 1683 320 1746 aliis
340 1681 439 1742 rebus
465 1682 675 1766 adversatum
709 1694 800 1746 recte
831 1684 917 1748 enim
944 1705 1028 1760 cum,
1044 1683 1125 1745 anti·

17 1775 20 1780 ’
112 1784 190 1866 quis
210 1781 429 1866 grammaticis
446 1784 560 1866 quaeri
574 1771 697 1866 pdtest,
719 1787 883 1870 quomodo
899 1783 1123 1868 Telemachus,

28 1883 33 1890 ’
116 1907 233 1970 quem,
255 1898 428 1969 antequam
449 1886 581 1968 Ulysses
612 1885 653 1948 ad
673 1886 754 1950 belli
774 1888 963 1952 societatem
994 1909 1124 1972 permo-

17 2071 19 2074 .
115 2003 272 2069 veretur,
305 1999 417 2050 natum
439 1991 538 2050 fuisse
560 2003 709 2054 constans
731 2003 765 2054 et
788 1993 926 2076 vulgaris
960 1993 1045 2054 fama
1066 2004 1125 2066 est,

27 2096 33 2104 '
119 2093 178 2174 qui
196 2092 295 2172 igitur
317 2110 356 2152 eo
379 2111 482 2168 anno,
511 2111 576 2174 quo
597 2099 691 2172 pater
712 2091 781 2154 eius
812 2094 847 2154 in
873 2093 1012 2176 patriam
1040 2089 1125 2152 redi·

27 2199 35 2208 '
118 2193 185 2272 hat,
207 2194 396 2273 vigesimum
418 2206 568 2278 quartum
589 2195 703 2256 aetatis
723 2217 841 2258 annom
863 2203 953 2257 certe
975 2213 1123 2277 egressus

22 2303 32 2310 “
118 2322 189 2364 esse
215 2299 374 2377 debebat,
403 2299 530 2360 moneri
550 2299 669 2381 possit,
700 2319 742 2360 ne
763 2319 863 2382 nugas
884 2299 1029 2382 pueriles
1051 2317 1124 2382 age·
1192 2349 1195 2354 .

114 2418 178 2484 ret,
201 2404 261 2470 Od
281 2428 313 2478 α,
335 2423 405 2486 297,
426 2424 483 2488 sq3
517 2413 551 2466 et
573 2403 676 2466 omnia
703 2406 827 2486 negotii
848 2415 945 2488 atque
966 2405 1045 2468 belli
1066 2407 1123 2466 im-

17 2509 33 2518 '
116 2506 259 2589 peritum
279 2523 314 2564 se
335 2502 489 2585 profiteri
510 2503 633 2587 queat?
655 2503 720 2566 Od.
741 2507 772 2584 β,
794 2505 852 2584 613
874 2529 977 2582 n,71.
1007 2507 1124 2588 Neque

17 2613 36 2698 1‘
75 2601 77 2605 ¹
118 2612 147 2672 si
168 2611 281 2674 decem
302 2631 403 2674 annos
424 2619 617 2674 erraverant
639 2609 775 2690 Gracci,
798 2609 972 2673 admodum
997 2609 1123 2673 iuvenis

17 2714 35 2726 ‘
116 2717 265 2780 Achilles
286 2716 349 2780 dici
369 2725 479 2800 potest
501 2714 642 2778 Troiam·
653 2716 797 2794 venisse,
833 2737 906 2780 cum
933 2717 997 2778 iam
1027 2727 1123 2780 antea

17 2815 36 2828 ³
116 2820 254 2902 Scyrum
276 2817 465 2904 diripuerat,
486 2837 595 2904 neque
608 2819 809 2884 commoneri
823 2820 939 2888 Graeci
959 2829 1123 2902 poterant,

17 2915 22 2942 ³
118 2941 156 2992 nt
175 2948 337 2995 memores
358 2939 468 2992 essent
489 2947 621 3003 eorum,
647 2949 731 3012 quae
751 2927 870 2990 Aulide
891 2938 983 3010 gesta
1013 2939 1122 2992 essent

17 3016 23 3042 ²
120 3041 194 3094 ante
215 3033 345 3094 nonita
366 3033 500 3113 longum
521 3043 673 3112 tempus,
706 3049 779 3092 cum
812 3030 857 3092 ihi
887 3032 1123 3096 convenissent.

17 3115 21 3124 ’
122 3130 188 3194 Sed
201 3134 342 3215 argutari
360 3133 394 3196 in
406 3131 455 3193 his
467 3132 594 3214 longius
611 3131 706 3212 nolo,
726 3132 768 3192 cf.
785 3129 894 3194 Schol.
908 3131 948 3192 ad
962 3133 997 3194 ll.
1010 3155 1038 3207 τ,
1050 3131 1123 3198 326·

200 3235 323 3314 Regem
345 3234 487 3300 omnium
508 3243 542 3296 et
563 3232 642 3294 belli
655 3234 835 3318 principem
849 3234 1123 3316 Agamemnonem

17 3321 19 3326 ’
117 3330 260 3392 unanimi
281 3351 439 3394 consensu
462 3353 479 3392 a
501 3323 625 3394 cunctis
648 3333 780 3396 Graecis
803 3343 947 3396 creatum
969 3354 1040 3396 esse
1065 3336 1123 3396 Di·

120 3446 186 3518 ctys
208 3438 232 3516 1,
258 3435 425 3516 ronam-at,
446 3436 540 3496 simul
562 3448 670 3498 tamen
691 3437 789 3500 duces
813 3436 943 3501 navium
952 3438 1122 3520 Achillem,

17 3527 23 3562 ⁷
119 3535 250 3597 Aiacem
284 3548 318 3598 et
344 3535 542 3598 Phoenicem
573 3537 748 3601 destinatos
781 3548 815 3601 et
848 3543 1004 3606 exercitui
1035 3563 1120 3604 cam-

118 3645 221 3726 pestri
240 3645 449 3706 Palamedem
469 3663 543 3706 cnm
562 3642 723 3706 Diomede
753 3657 787 3708 et
807 3648 921 3731 Ulysso
952 3649 1124 3736 praeposi·

118 3758 185 3809 tum
208 3767 279 3808 esse
301 3745 411 3808 tradit.

199 3851 251 3912 De
272 3851 387 3933 Ulysse
409 3871 485 3911 num
507 3847 583 3912 dolo
605 3848 700 3910 adid
725 3849 868 3932 bellum,
897 3853 931 3915 in
959 3876 1024 3938 quo
1056 3865 1124 3922 tam

118 3955 306 4036 praeclarae
329 3954 397 4016 eius
418 3965 528 4036 partes
548 3953 693 4028 fuerunt,
714 3957 952 4036 excitaturus,
984 3980 1024 4026 an
1053 3957 1123 4045 ipse

119 4053 151 4116 in
170 4056 284 4140 primis
305 4056 386 4119 belli
407 4057 591 4146 auctoribus
614 4057 824 4124 fuerit¹varia
845 4061 1008 4146 feruntur,
1029 4075 1066 4131 ut
1086 4087 1123 4131 ea
