2722 4776
659 369 861 438 ...40..

353 543 511 607 Creusa
531 541 607 623 fitia,
628 563 711 606 uxor
732 543 882 624 Aeneae,
904 545 960 628 qui
982 565 1021 608 ex
1044 563 1082 608 ea
1103 545 1321 607 Aroanium

268 644 391 728 genuit.
412 645 508 710 Paus.
529 646 570 722 X,
595 645 650 732 ¹25,
675 657 710 725 ις
744 648 857 708 Tzets.
880 643 921 706 ad
940 646 1018 726 Lye.
1057 643 1151 726 1322,
1189 645 1320 708 Serv.

269 753 310 816 ad
332 753 414 818 Aen.
436 753 491 814 lX.
514 754 588 831 2843
621 749 721 814 Proh.
750 750 791 812 ad
813 753 932 833 Georg.
960 751 1016 832 lll,
1040 748 1095 822 46.
1136 752 1319 814 Lesches

273 870 381 920 autem
411 865 446 918 et
468 856 585 939 Cypria
614 857 755 917 earmina
775 853 962 938 Eurydicen
983 855 1115 918 Aeneae
1143 877 1317 918 uxorem

271 943 536 1038 nominarerant,
573 962 668 1022 Paus.
691 961 731 1037 X,
761 957 809 1038 26,
844 979 872 1019 n.
914 958 1109 1046 Plutarchus
1141 962 1267 1022 Rom.
1296 980 1316 1022 n

272 1067 311 1127 ab
333 1065 402 1128 aliis
424 1068 562 1128 Romam
583 1061 732 1145 Telephi,
755 1061 798 1120 ab·
817 1060 886 1122 aliis
902 1061 1095 1124 Dexitheam
1109 1061 1311 1124 Phorban-

272 1170 312 1230 tis
335 1167 433 1230 liliam
456 1189 591 1231 uxorem
613 1167 644 1228 ei
664 1165 765 1226 tribui
786 1165 1055 1244 narrat38ervius
1079 1165 1135 1246 (ad
1145 1167 1256 1228 Aen.
1286 1168 1313 1243 I,

230 1291 233 1297 ·
274 1265 349 1354 273)
373 1293 391 1332 a
413 1272 518 1332 Clinia
540 1269 728 1333 Telemachi
748 1267 856 1349 filiam,
879 1272 1025 1348 Romen,
1048 1269 1180 1331 Aeneae
1207 1290 1307 1329 uxo·
1334 1269 1335 1302 l

272 1398 343 1436 rem
365 1375 483 1438 dictam
506 1397 577 1440 esse
598 1377 715 1456 tradit3
738 1377 781 1438 ef.
795 1376 913 1457 Heynii
934 1395 1003 1436 exc.
1026 1397 1061 1457 ¹7
1082 1373 1124 1434 ad
1143 1373 1233 1434 Aen
1263 1375 1307 1452 ll,

275 1501 348 1564 pag.
369 1482 447 1562 3213
481 1481 567 1544 idem
598 1481 650 1544 vir
682 1480 798 1548 doetus
830 1485 915 1554 (exc.
941 1462 978 1548 sd
996 1500 1030 1574 p.
1051 1477 1138 1558 315.)
1162 1495 1207 1536 ex
1235 1475 1304 1536 hae

273 1583 344 1663 ipsa
379 1582 501 1643 Creusa
529 1581 717 1665 Apollinem
751 1579 871 1640 Anium
908 1577 1057 1660 genuisse
1096 1598 1114 1637 a
1146 1577 1301 1638 Conone

273 1705 360 1751 narr.
392 1691 429 1756 [μ
453 1684 608 1746 traditum
639 1703 709 1746 esse
741 1682 818 1744 dicit
839 1683 897 1764 (cf.
917 1681 993 1748 infr.
1014 1703 1042 1744 e.
1063 1684 1134 1764 tx).
1164 1684 1298 1766 Negari

276 1789 407 1874 quidem
427 1811 493 1854 non
514 1797 642 1871 potest,
676 1787 802 1850 fabulas
832 1785 872 1849 de
890 1786 978 1878 'Anio
1001 1805 1076 1847 oum
1102 1786 1227 1848 fabulis
1256 1787 1298 1848 de

277 1894 410 1954 Aeneae
440 1892 607 1956 erroribus
635 1905 669 1954 et
703 1892 743 1954 de
777 1891 919 1954 adventu
939 1889 1100 1953 Anchisae
1128 1891 1163 1950 iu
1185 1890 1297 1950 Grae·
1332 1835 1335 1942 l

277 1994 359 2056 eiam
392 1995 580 2058 coniunctas
613 1996 732 2076 fuisse3
767 1995 824 2058 sed
845 1993 999 2058 Photinm
1033 2005 1089 2056 aut
1117 1994 1295 2056 Cononem
1333 2015 1335 2140 p

279 2099 316 2180 (l.
340 2100 377 2182 l.)
401 2099 478 2161 duas
500 2099 540 2161 de
562 2099 676 2163 Andro
693 2110 735 2176 ,et
753 2101 923 2164 Antandro
951 2101 1077 2163 fabulas
1100 2099 1295 2163 confudisse
1334 2147 1335 2166 ,

278 2216 428 2285 apertum
451 2213 511 2267 est.
553 2204 740 2267 Antandrus
768 2206 824 2267 illa
846 2207 1003 2291 oppidum
1024 2209 1143 2272 Troiae
1164 2207 1288 2270 mariti·
1334 2235 1335 2290 3

278 2317 479 2382 enumerat,
508 2306 596 2388 quod
620 2307 752 2368 Graecis
772 2329 834 2390 pro
856 2310 1039 2392 Polydoro,
1071 2333 1168 2394 quem
1187 2326 1279 2390 cepe·

277 2407 361 2486 rant,
393 2429 417 2502 a
433 2408 580 2470 Troianis
613 2408 735 2482 datum,
753 2432 823 2474 esse
857 2413 990 2476 Servius
1020 2413 1137 2491 tradit,
1169 2413 1283 2473 Conon

279 2525 389 2574 autem
409 2516 584 2592 Ascanium
614 2517 649 2578 id
681 2539 757 2580 suae
786 2518 1020 2602 redemptionis
1052 2517 1196 2604 pretium
1228 2514 1285 2574 de·

279 2615 363 2678 disse
388 2619 519 2682 Graecis
541 2633 661 2683 narrat.
704 2621 867 2686 Cohaeret
887 2621 969 2685 haee
990 2622 1099 2684 fabula
1122 2643 1194 2682 oum
1219 2622 1285 2692 illa,

280 2742 376 2804 quam
398 2714 570 2804 Dionysius
602 2723 694 2796 (Ant.
723 2726 748 2801 l,
776 2729 826 2795 48.
847 2746 879 2808 p.
906 2733 978 2801 122)
1012 2723 1120 2801 affert,
1140 2723 1286 2784 Aeneam

252 2883 265 2900 χ,
280 2846 319 2888 eo
344 2835 502 2914 tempore,
526 2849 591 2917 quo
614 2831 753 2892 Troiae
776 2829 907 2890 Graecis
931 2821 1026 2910 capta
1048 2841 1152 2908 esset,
1172 2828 1206 2888 in
1228 2847 1285 2907 op·

192 2997 193 3002 η
277 2925 356 3008 pido
381 2929 541 2988 maritimo
567 2941 601 2990 et
619 2943 720 3011 portu
734 2933 949 3004 Troianorum
974 2927 1044 3004 (ἐπὶ
1063 2933 1123 2992 τοῦ
1144 2922 1286 2994 ναυστά-

279 3032 372 3110 θμου
395 3031 454 3090 τοῦ
480 3033 647 3114 Τρωϊκοῦ)
671 3029 807 3114 degisse.
830 3032 945 3093 Conon
959 3031 1069 3115 itaque
1083 3039 1282 3102 narraverat,

279 3130 343 3192 hoe
370 3131 476 3214 ipsum
510 3131 665 3217 oppidum
694 3132 1024 3212 AscaniumGraeois
1053 3130 1197 3208 dedisse,
1234 3127 1286 3212 qui

282 3236 316 3296 id
338 3247 590 3319 oppugnassent,
612 3217 783 3300 secessisse
806 3237 922 3299 deinde
944 3238 976 3298 in
1000 3237 1097 3314 Idam,
1120 3248 1154 3298 et
1178 3235 1224 3295 ihi
1238 3253 1286 3296 re-

279 3358 379 3419 gnum
402 3343 555 3408 tenuisse.
597 3345 681 3410 Tum
703 3341 796 3412 aliam
807 3341 1026 3403 narrationem
1048 3337 1224 3415 affereBat,
1246 3357 1284 3398 ex

279 3442 394 3503 Andro
417 3443 550 3504 oolonos
574 3445 776 3506 Antandrum
796 3444 911 3504 missos
933 3442 1056 3521 fuisse,
1079 3450 1112 3502 et
1133 3442 1283 3524 Pelasgds

281 3541 423 3626 quidem,
445 3554 478 3604 et
500 3544 544 3604 ita
566 3545 605 3604 ad
627 3543 774 3606 Andrum
797 3545 897 3625 ipsam
926 3542 1091 3620 transibat,
1114 3564 1210 3626 qnam
1237 3543 1284 3602 in-

281 3644 385 3704 sulam
407 3647 565 3706 tenuisset
578 3647 708 3716 Andrus
733 3645 897 3726 (Eustath.
920 3644 960 3705 ad
972 3643 1068 3707 Dion.
1084 3646 1161 3710 Per.
1182 3665 1214 3710 v.
1227 3643 1280 3724 25)

281 3758 338 3815 aut
358 3748 509 3810 Andreas
538 3750 654 3832 aliquis
676 3751 806 3834 [steph.
827 3755 906 3835 Byn.
927 3772 953 3813 ss
974 3771 1005 3816 v.
1021 3743 1198 3834 ’Ἀνδρος.),
1226 3752 1279 3836 qui

281 3866 338 3918 aut
371 3854 475 3918 frater
509 3869 564 3918 aut
592 3854 677 3919 lilius
711 3856 787 3918 Anii
819 3857 945 3918 fuisset.
995 3857 1048 3946 Ex
1079 3855 1143 3918 hoo
1174 3857 1279 3940 itaque

280 3960 442 4055 seriptose
473 3956 562 4028 effici
593 3959 725 4048 nequit,
753 3957 836 4026 hane
859 3959 1014 4024 Creusam
1044 3958 1120 4025 Anii
1148 3967 1278 4021 matrem

281 4061 393 4130 fnisse.
