2626 4768
663 377 886 444 -slt-

261 569 354 620 terca
375 553 506 634 eadem,
528 574 612 638 quae
633 552 754 615 Strabo
777 573 796 616 e
817 554 944 616 Callino
964 565 1063 640 poeta
1084 558 1177 638 xm,
1204 582 1285 644 pag,

262 681 319 745 9⁰¹
354 658 462 722 affert.
503 658 644 720 Fallitur
669 658 780 742 itaque
800 657 950 723 Fabrctti
975 660 1016 722 ad
1047 661 1112 722 tab.
1134 661 1174 723 Il.
1198 685 1285 747 pag.

261 765 372 843 31813,
398 764 454 848 qui
475 783 545 825 eam
566 761 683 824 urbem
704 765 810 825 solum
831 763 1033 847 Stephanum
1055 764 1116 826 sibi
1137 762 1284 830 linxisse

261 879 366 952 putat.
407 866 516 929 Possit
543 875 652 926 tamen
682 864 775 927 locus
803 863 860 927 ille
886 865 1011 947 Dietyis
1033 866 1208 929 emendari
1247 883 1283 930 et

261 971 327 1054 legi
347 970 415 1033 dei
438 972 528 1033 illius
548 971 772 1047 sacerdotem,
806 988 881 1032 cum
902 967 1047 1052 Cbry‘sen
1067 991 1207 1053 semper
1230 995 1282 1034 sa-

261 1072 431 1136 cerdotem
453 1073 612 1156 Apollinis
634 1071 784 1135 Sminthii
803 1066 964 1136 nominet.
1035 1123 1036 1126 ,

342 1180 406 1241 Hic
428 1180 540 1262 itaque
561 1177 701 1260 Chryses
722 1187 759 1238 ut
786 1174 887 1238 liliam
907 1179 1106 1257 Astynomen
1125 1177 1280 1242 redime·

259 1292 323 1360 ret,
344 1279 383 1342 ad
399 1282 541 1344 Graecos
559 1281 651 1343 venit
671 1275 813 1340 afferens
836 1277 920 1340 dona
935 1275 1041 1340 multa
1060 1291 1095 1340 ct
1116 1279 1174 1342 dei
1195 1283 1278 1365 ipsi·
1304 1281 1305 1300 ¹

256 1403 296 1444 us
317 1385 544 1446 auctoritatem
564 1402 644 1466 prae
666 1400 701 1441 se
722 1379 843 1442 ferens.
861 1433 864 1442 .
884 1377 951 1440 Sed
972 1378 1015 1440 ob
1037 1398 1190 1450 amorem
1212 1403 1274 1463 pu·

256 1486 344 1549 ellae
363 1473 607 1570 Agamemnon,
638 1482 784 1568 mansis
816 1481 918 1548 ceteri
939 1481 1039 1545 duces
1066 1481 1275 1546 reddendam

258 1591 328 1650 seui
348 1587 448 1652 liliam
470 1589 688 1666 censuissent,
721 1583 926 1648 sacerdotem
947 1586 1105 1647 atrociter
1132 1584 1269 1648 exitium

255 1687 396 1750 minatus
418 1687 548 1754 dimisit.
580 1687 712 1779 Quare
735 1687 863 1764 Graeci,
883 1684 941 1770 qui
962 1685 1016 1749 dei
1034 1693 1268 1752 auctoritatem

255 1791 423 1874 negligere
455 1793 547 1853 nefas
582 1790 761 1870 ducebant,
793 1789 869 1851 irati
899 1789 1062 1875 simulque
1081 1791 1269 1854 Palamedis

253 1893 372 1958 iniuste
393 1894 493 1956 occisi
511 1913 674 1958 memores
695 1897 970 1978 Agamemnonem
991 1893 1195 1975 deseruere,
1224 1895 1267 1956 ia-

253 1997 367 2079 primis
388 1995 531 2060 Achilles
563 2017 676 2082 regem
707 1997 815 2080 ipsum
835 2007 869 2060 et
889 1995 1074 2058 Menelaum
1093 2007 1266 2058 contume-

252 2100 304 2164 liis
325 2100 502 2164 lacerabat.
543 2100 683 2164 Caedem
703 2099 900 2180 Palamedis,
930 2101 1049 2164 Achilli
1069 2101 1259 2178 amicissim',

253 2201 456 2284 posteriores
484 2211 636 2265 auctores
669 2223 814 2276 causam,
841 2221 901 2264 our
932 2202 968 2263 in
986 2207 1265 2286 Agamemnonem

151 2285 156 2296 ¹
251 2301 354 2362 iratus
382 2312 484 2379 esset,
515 2299 736 2380 tradiderunt,
767 2299 811 2362 cf.
845 2310 945 2363 auctt.
973 2321 998 2363 a.
1028 2302 1063 2365 ll.
1090 2310 1126 2362 et
1148 2306 1257 2364 Tacta.

251 2403 421 2486 nomin,
438 2401 668 2468 Pbil.Heroic.
679 2423 712 2485 p.
728 2400 888 2488 6893709.
908 2405 1113 2464 Tonantem
1124 2402 1255 2466 morbus

249 2507 419 2592 pestilens,
440 2506 481 2569 ab
501 2507 585 2569 irato
606 2506 679 2587 deo,
700 2516 741 2569 ut
758 2504 953 2588 apparebat,
974 2505 1147 2584 immissus,
1167 2525 1260 2566 exer·
1304 2587 1305 2600 χ

252 2617 353 2680 citum
373 2616 512 2694 invasit,
547 2614 603 2699 qui
635 2633 710 2676 cum
730 2611 833 2673 indies
867 2619 1053 2693 augeretur,
1075 2621 1258 2676 convocato

237 2705 390 2780 'concssio
417 2715 563 2778 Achilles
597 2716 740 2798 singulos
774 2732 870 2796 reges
899 2712 1109 2774 iureiurando
1141 2711 1256 2794 adegit,

252 2843 319 2884 non
339 2820 380 2881 iri
401 2817 566 2904 offensum
586 2839 659 2896 eos,
680 2819 707 2880 si
729 2816 864 2880 Calchas
886 2836 1014 2878 causam
1034 2816 1130 2895 mali,
1160 2829 1198 2880 ut
1218 2837 1262 2878 ex

254 2941 298 2985 eo
315 2913 688 3006 petivisseteffaretur.
719 2919 880 3011 Quicum
901 2941 970 2980 ιιοιι·
986 2918 1150 2982 redditam
1170 2923 1261 3004 patri

243 3024 451 3106 vAstynomen
473 3040 600 3084 causam
628 3041 698 3084 esse
720 3021 868 3098 dixisset,
904 3020 1013 3081 statim
1033 3025 1262 3103 Agamemnon

250 3150 269 3192 e
298 3130 455 3192 concione
489 3147 640 3211 egressus
671 3149 746 3192 suos
780 3129 814 3190 in
841 3129 937 3190 armis
965 3147 1036 3192 esse
1065 3130 1181 3212 iussit,
1220 3156 1261 3197 ns

248 3230 359 3314 puella
393 3228 427 3294 vi
453 3231 493 3292 ab
514 3232 585 3315 ipso
607 3231 859 3294 abstraheretur.
898 3231 1041 3294 Achilles
1063 3244 1191 3314 antem,
1224 3251 1260 3298 ut

249 3328 289 3392 ad
309 3331 548 3415 persistendum
576 3331 609 3394 in
630 3353 670 3394 eo
694 3332 829 3399 consilio
857 3342 986 3396 cetoros
1007 3331 1177 3417 principes
1200 3359 1262 3402 ex-

248 3434 381 3515 citaret,
409 3445 526 3498 cuncta
542 3447 754 3502 mortuorum
775 3457 915 3519 corpora
935 3438 969 3499 iu
990 3459 1090 3502 unum
1110 3443 1260 3506 collecta

248 3550 324 3602 ante
357 3538 500 3601 omnium
528 3530 642 3603 oculos¹
669 3540 788 3624 proiioi
819 3542 929 3626 iussit3
960 3565 1025 3627 quo
1059 3549 1260 3624 spectaculo

247 3644 293 3707 ita
313 3642 617 3725 commovebantur,
649 3654 687 3707 ut
717 3645 784 3709 vim
816 3659 849 3709 et
882 3666 970 3708 arma
1002 3666 1114 3709 omnes
1135 3664 1261 3714 contra

246 3753 522 3836 Agamemnonem
560 3755 724 3835 para‘rent.
765 3754 859 3815 Hanc
890 3754 1109 3844 narrationem
1138 3775 1156 3815 e
1186 3766 1259 3822 tra-

247 3858 362 3940 goedia
383 3856 562 3922 desumtam
582 3881 671 3939 esse,
700 3883 764 3946 qua
784 3862 910 3926 initium
931 3861 1135 3945 Sophocleae
1157 3862 1258 3928 fabu-

245 3959 297 4020 lae
341 3959 381 4022 do
413 3958 544 4042 Oedipo
582 3981 661 4046 rege
698 3975 813 4026 auctor
851 3962 1057 4044 imitabatur,
1098 3981 1257 4048 apparet.

227 4062 458 4130 'Occasionem
494 4083 564 4127 eam
602 4077 766 4150 captantes
805 4067 937 4130 Troiani
977 4083 1020 4136 cx
1053 4068 1136 4131 urbe
1170 4091 1255 4154 pro-
