2722 4776
650 383 851 496 ..641-

265 555 356 618 s'aora
386 531 485 637 quae⁴
502 555 673 640 quotannis
706 553 816 618 facere
845 552 1298 619 consummacionem«

266 673 366 727 aeret.
388 661 513 756 Quam
550 684 620 724 rem
653 659 792 724 obscure
819 661 932 744 Dietys
966 660 1088 740 innuit,
1121 661 1180 747 qni
1207 662 1242 742 l,
1270 679 1293 720 2

266 763 412 829 sacrificii
432 767 466 828 in
488 768 611 849 templo
632 768 786 847 Europae
808 763 965 828 eelebrati
985 759 1141 824 meminit.

608 1349 818 1426 CAPUT
869 1348 917 1421 V.

286 1663 290 1674 ,
346 1603 499 1664 anemis
523 1603 718 1675 maenae,
745 1603 916 1661 taenaro
943 1603 1198 1663 GRAEGORUM.

264 1843 406 1951 Delato
443 1888 571 1950 Cretam
609 1890 649 1951 nd
680 1891 863 1954 Menelaum
891 1890 1005 1956 nuntio
1037 1901 1150 1954 eorum
1182 1909 1274 1974 quae

266 1996 459 2073 aesiderant,
480 1995 550 2057 sire
570 2016 631 2077 per
652 2015 776 2077 servos,
797 2002 910 2061 Tzetz.
932 1999 1106 2062 Antehom.
1131 1996 1205 2078 1353
1227 1997 1275 2058 ad

264 2103 343 2182 Lyn.
367 2098 442 2180 1323
462 2097 530 2161 sive
550 2117 612 2180 per
629 2098 759 2178 milites,
781 2102 889 2165 Ioann.
902 2102 1009 2169 Malel.
1034 2122 1101 2186 ιιι),
1121 2101 1167 2161 ita
1188 2121 1272 2163 oon-

264 2205 428 2260 sternatus
459 2205 527 2273 est,
559 2204 598 2256 ut
617 2197 721 2278 impos
753 2200 869 2260 mentis
884 2198 1056 2264 ¹haereret.
1101 2201 1164 2265 Vix
1190 2220 1269 2281 per-

266 2302 433 2386 turbatum
464 2319 575 2380 regern
603 2301 707 2361 erexit
740 2301 950 2379 Palamedes,
984 2301 1072 2367 Dion.
1106 2305 1130 2380 l,
1156 2302 1187 2379 4,
1208 2302 1261 2384 qni

182 2451 187 2463 ,
266 2403 415 2485 Spartam
437 2419 509 2462 eum
531 2397 701 2462 abduxisse
723 2399 854 2480 dieitur,
877 2424 943 2484 quo
965 2401 1069 2465 ceteri
1089 2421 1183 2484 reges
1203 2405 1259 2462 Pa-

263 2508 342 2580 ridis
364 2505 489 2569 scelere
510 2503 619 2565 audito
633 2505 740 2566 statim
755 2519 986 2569 convenerant.
1014 2503 1146 2570 Nestori
1158 2502 1264 2567 antem

267 2614 381 2696 Cypria
404 2611 554 2691 carmina,
574 2621 611 2674 ut
630 2612 770 2692 ridetur,
790 2609 1185 2676 hoo'oonsolandimunus
1203 2613 1262 2672 tn·-
1339 2621 1340 2674 l

265 2718 425 2800 buebant3
447 2721 488 2781 of.
509 2721 638 2786 Wiilln.
651 2720 691 2782 de
711 2731 800 2804 poet.
823 2723 903 2804 cyol.
922 2741 995 2806 pag.
1015 2722 1068 2806 75.

342 2823 430 2884 Missi
450 2832 527 2884 sunt
547 2823 586 2884 ab
608 2820 667 2902 eo,
689 2826 746 2908 qui
767 2826 872 2886 omnia
893 2823 992 2887 maria
1018 2831 1260 2915 perquirerent,
1339 2875 1340 2894 i

265 2921 305 2986 ab
326 2923 396 2984 aliis
416 2923 484 3006 ipse
506 2923 547 2984 ad
567 2924 797 3009 requirendam
825 2945 961 2988 uxorem
993 2932 1159 3012 navigasse
1186 2925 1265 2989 diei·
1339 2943 1340 2960 ¹

232 3069 236 3076 a
264 3037 329 3088 tur.
351 3028 463 3087 Tzetz.
485 3024 603 3092 Anteh,
637 3023 906 3108 mesoptamia
937 3039 1045 3090 autem
1065 3029 1262 3113 Byzantinus
1339 3065 1340 3108 y

245 3147 291 3192 ,8.
312 3148 344 3191 v.
365 3123 582 3210 Διοσκούρων
607 3138 729 3206 narrat,
763 3128 880 3191 fratres
910 3131 1072 3209 Helenae,
1113 3151 1186 3192 oum
1212 3153 1266 3193 ra·
1339 3143 1340 3210 ζ

264 3243 396 3315 ptorem
416 3231 537 3293 sororis
557 3242 837 3314 persequerentur
858 3230 898 3293 ad
918 3231 1051 3314 Libyam
1072 3234 1206 3296 venisse.
1228 3233 1267 3294 In

266 3333 403 3395 oonsilio
427 3333 625 3396 Graecorum
648 3331 767 3395 deinde
786 3333 929 3416 placuit,
957 3342 996 3396 ut
1015 3334 1115 3417 legati
1135 3334 1267 3396 Troiam

212 3441 215 3448 '
266 3435 493 3511 mitterentur,
526 3433 581 3515 qui
601 3434 761 3498 Helenam
793 3444 973 3519 cunctaque
994 3454 1078 3517 quae
1105 3451 1177 3495 eum
1196 3434 1266 3514 ipsa

268 3542 361 3618 rapta
383 3543 475 3594 erant
510 3548 719 3619 repeterent3
751 3538 774 3598 ii
793 3536 893 3620 legati
912 3535 1047 3598 fuerunt
1067 3533 1267 3615 Palamedes,

267 3636 409 3716 Ulysses,
438 3634 602 3696 Menelaus
623 3637 702 3720 ipse.
743 3641 825 3701 [liet.
853 3639 875 3704 l.
896 3639 917 3703 l.
938 3638 1095 3700 Memoria
1126 3637 1193 3698 eius
1217 3636 1267 3695 le·

267 3737 404 3820 gationis
426 3748 514 3798 extat
535 3738 619 3819 apud
640 3743 836 3818 Homerum,
858 3739 896 3803 11.
916 3759 946 3820 y,
969 3736 1039 3817 205,
1071 3735 1128 3798 ubi
1161 3746 1266 3798 tamen

267 3838 456 3901 Palamedes
490 3840 673 3924 omittitur,
702 3844 735 3904 in
764 3850 828 3928 qua
860 3823 897 3904 re
924 3842 979 3902 alii
1001 3840 1176 3924 scriptores
1196 3840 1263 3900 Ηο-
1339 3831 1340 3864 l

270 3940 351 4004 meri
393 3944 621 4006 auctoritatem
647 3957 848 4028 sequuntur3
891 3944 1080 4006 Philostrat.
1133 3941 1264 4004 Heroie.

266 4066 301 4128 p.
327 4042 404 4142 ῥόος
440 4044 536 4113 ovat
556 4048 634 4111 Met.
655 4047 743 4128 x111,
765 4046 834 4130 aql).
876 4047 967 4110 Duos
990 4059 1116 4110 tantum
1140 4049 1261 4130 legatos
