2726 4770
527 386 566 415 -.—
612 353 669 422 135
712 389 750 400 --

25 511 28 530 '
133 522 225 583 Serv.
252 517 293 580 ad
320 517 392 582 Eol.
423 519 480 597 Vl,
507 535 557 601 7².
584 516 759 605 Hephaest.
788 540 839 602 ap.
869 518 966 586 Phot.
995 546 1028 609 p.
1063 529 1134 611 aar,

133 623 245 706 sicque
276 618 475 704 grammatici
512 618 715 702 explicabant
742 623 954 689 Homericum
986 629 1132 708 γυναίων

22 790 23 798 ,
133 726 242 790 εἵνεκα
264 723 398 810 δώρων,
421 725 514 805 alias,
538 747 615 810 quas
638 735 866 808 tentaverunt,
894 733 1038 796 rationes
1058 736 1131 802 ride

21 805 24 868 i
130 827 217 910 apud
236 825 462 902 Eustathium,
495 847 514 890 e
536 827 653 926 quibus
676 830 766 909 eiua,
787 851 877 915 qnae·
890 831 954 897 huc
977 839 1133 918 pertinet,

128 929 171 992 de
191 927 258 994 lilia
278 929 399 991 Priami
419 928 481 1012 ipsi
502 930 535 1010 in
555 949 691 990 uxorem
712 931 885 1012 promissa,
903 931 981 996 alibi
1001 937 1131 1020 vestigi-

129 1055 184 1094 um
205 1031 353 1095 invenire
374 1046 514 1094 me‘non
534 1029 673 1098 memini.
694 1034 799 1094 Recte
821 1047 993 1114 praeterea
1013 1040 1130 1100 Eusta-

127 1121 216 1198 thius
238 1135 389 1217 exemplo
410 1133 584 1218 Eriphylen
605 1135 721 1214 utitur,
741 1143 779 1198 ut
799 1135 888 1200 illam
910 1139 1130 1202 narrationem
1205 1117 1219 1132 ⁸

129 1263 197 1303 non
227 1239 405 1304 abhorrere
426 1239 467 1302 ab
492 1240 620 1323 ingenio
642 1241 840 1326 antiquitatis
865 1243 1023 1306 ostendat.
1065 1249 1130 1312 lla·
1229 1313 1232 1323 ,

125 1357 213 1410 trem
234 1348 303 1412 eiua
324 1369 343 1409 a
364 1350 486 1410 Tuetua
507 1347 685 1412 secundum
706 1350 800 1412 aliam
821 1352 1042 1412 narrationem
1061 1350 1129 1412 ubi·

126 1471 192 1536 que
214 1449 345 1512 Hieram
366 1448 430 1512 dici
451 1469 548 1533 supra
569 1451 870 1516 commemorabam.

208 1551 273 1615 Hic
304 1549 413 1634 itaque
441 1552 626 1634 Eurypylus
663 1550 794 1634 advenit
826 1563 860 1616 et
887 1573 1027 1638 pugnam
1056 1572 1130 1614 cum

128 1653 264 1719 Graecia
286 1654 460 1734 cummisit,
488 1655 522 1716 in
552 1677 616 1739 qua
636 1657 771 1719 Nireum
792 1663 827 1718 ct
847 1657 1055 1719 Machaonem
1078 1673 1131 1717 oc-

127 1755 208 1818 cidit
236 1765 271 1816 et
302 1755 348 1815 ita
377 1754 488 1818 hostes
521 1753 655 1838 afllixit,
690 1768 726 1820 ut
748 1759 879 1822 Troiani
911 1771 1131 1821 extramuros

123 1874 233 1925 castra
260 1869 437 1944 ponerent,
463 1862 509 1924 ita
531 1863 672 1959 Quintus
694 1864 750 1929 Vl.
792 1865 844 1926 De
871 1865 973 1926 Nirao
1001 1871 1035 1925 et
1065 1863 1131 1923 Ma·

125 1963 251 2026 chaone
279 1963 399 2045 reliqui
426 1966 649 2046 consentiunt,
684 1965 725 2027 de
754 1965 881 2048 hocas.
911 1975 1046 2048 praeter
1068 1967 1131 2028 Le·

119 2069 226 2140 achera
254 2080 287 2134 et
306 2072 427 2156 Dictyn
446 2072 542 2142 Paua.
563 2075 620 2153 111,
648 2073 697 2154 ao,
718 2092 759 2160 93
787 2079 898 2142 Treta.
919 2074 1032 2142 Posth.
1052 2075 1129 2152 5223

131 2197 309 2261 quanquam
332 2176 486 2260 Orpheus
516 2179 646 2263 (Lapid-
675 2180 752 2262 343)
784 2191 952 2263 cumpost
971 2178 1130 2262 Eurypyli

127 2287 267 2342 mortem
287 2279 406 2344 vulnus
425 2280 632 2346 Philoctetae
660 2302 786 2346 sanasse
816 2281 903 2346 dicit.
948 2280 1031 2346 Ossa
1060 2283 1129 2348 eius

121 2380 158 2442 in
188 2381 328 2464 patriam
358 2400 469 2446 secant
499 2381 629 2446 advexit
648 2386 779 2448 Nestor.
800 2385 895 2448 Paua.
917 2385 980 2463 lll,
1001 2382 1056 2463 26,
1082 2405 1129 2454 aa·
1200 2443 1204 2450 .

123 2486 250 2548 lterum
272 2484 389 2548 deinde
410 2487 579 2568 proelium
595 2487 704 2568 initur,
725 2487 759 2549 in
781 2508 846 2570 quo
867 2487 1052 2568 Eurypylus
1068 2487 1129 2552 Pe-

121 2591 255 2652 neleam
276 2591 421 2659 necarit3
453 2590 495 2654 cf.
516 2593 603 2657 Dict.
624 2594 680 2668 lV,
707 2607 760 2672 173
792 2589 1127 2668 Pausan.lX,5,15.

121 2693 371 2776 Tryphiodorus
392 2705 501 2758 antem
522 2715 598 2758 eum
617 2696 652 2756 in
673 2696 728 2773 iis,
751 2697 861 2778 quiin
883 2717 1003 2779 equum
1024 2695 1126 2777 ligne·

119 2823 179 2864 am
200 2799 425 2881 ascenderint,
458 2814 627 2866 enumerat
648 2801 712 2883 (vs.
738 2802 828 2883 180),
850 2811 884 2862 et
904 2797 1061 2882 Virgilius
1083 2800 1123 2880 ab

120 2921 165 2964 eo
185 2902 219 2962 in
250 2902 375 2965 excidio
397 2903 517 2974 Troiae
538 2900 723 2966 Coroebum
749 2912 898 2965 necatum
920 2913 1124 2964 assenserat

121 3005 207 3068 Aen.
229 3007 272 3086 11,
291 3007 361 3076 425-
984 3002 992 3021 '

202 3110 270 3171 Per
291 3107 425 3171 biduum
446 3107 591 3173 bellandi
622 3107 752 3192 requies
786 3107 871 3168 facta
904 3113 974 3181 est,
1008 3113 1043 3164 et
1063 3107 1125 3166 Nc-

121 3215 308 3296 cptolemcs
344 3213 492 3295 advenit3
531 3231 605 3272 cum
639 3209 806 3271 oraculum
835 3206 969 3270 Graccis
1001 3204 1126 3270 editura

122 3329 222 3397 esset,
243 3318 311 3380 sina
333 3315 474 3380 Aeacida
495 3316 629 3378 Troiam
652 3312 829 3395 expugnari
849 3332 916 3373 aon
935 3331 1044 3394 posse.
1067 3297 1124 3372 ¹Ab

120 3422 237 3504 Ulysse
269 3421 421 3484 advectus
450 3429 500 3482 est
522 3419 603 3500 (od.
626 3423 654 3492 l,
675 3417 750 3498 507)
783 3415 939 3496 eSoyro,
972 3413 1029 3475 ubi
1050 3434 1126 3475 eum

119 3536 232 3588 natum
256 3535 290 3587 et
311 3524 482 3588 educatum
504 3543 574 3586 esse
596 3521 714 3584 Strabo
737 3520 815 3580 dicit
837 3520 899 3594 lll,
931 3541 963 3600 p.
986 3516 1055 3600 667.
1076 3521 1123 3597 Βς
1214 3580 1225 3592 „

119 3627 165 3694 ef.
186 3631 279 3692 Serv.
309 3629 350 3690 acl
371 3629 453 3690 Aen
486 3629 533 3702 ll,
569 3627 642 3696 2633
677 3632 744 3707 417.
786 3597 927 3716 Quintus
959 3616 1031 3700 Vll,
1064 3623 1121 3692 431

119 3730 275 3792 comitem
305 3727 393 3790 addit
414 3727 521 3808 Ulyasi
542 3725 744 3788 Diomedem.
778 3727 897 3799 Fuere,
919 3745 974 3806 qui
967 3724 1123 3804 Scyrum

119 3833 205 3894 hauc
226 3853 291 3894 nan
313 3831 447 3894 insulam
471 3830 526 3892 sed
541 3830 708 3912 Dolopum
731 3827 844 3889 urbem
867 3849 936 3890 esse
960 3826 1122 3890 dicerent:

119 3935 273 3998 Eustath.
295 3933 334 3996 ad
358 3933 422 3997 Od.
445 3934 466 3995 l.
490 3935 510 3997 l.
553 3936 625 3992 Non
648 3933 736 3992 solus
758 3932 904 4006 advenit,
927 3929 983 3991 sed
1005 3929 1122 3991 milites

118 4055 231 4098 seeum
254 4035 354 4114 duait,
373 4034 418 4098 ef.
440 4023 594 4119 Soplaocl.
617 4032 756 4098 Philoct.
778 4032 884 4094 Schol.
907 4032 1019 4112 Eurip.
1042 4033 1122 4135 Hoc,
1205 4083 1207 4086 .
