2626 4768
627 393 665 404 -
711 356 776 468 168Ι
811 395 849 406 -

241 529 433 606 Nem.·Vll‚
454 528 494 592 58
516 547 590 590 eum
612 529 759 614 Delphos
780 531 908 595 venisse
929 532 1049 610 tradit,
1080 543 1133 594 ut
1167 531 1258 594 deum

243 631 285 692 de
305 633 419 694 liberis
444 651 482 691 ex
503 633 682 696 Hermione
704 633 912 719 procreandis
935 636 1158 715 consuleret,
1184 656 1258 718 qnae

186 739 188 748 ⁴
241 761 295 802 res
328 761 472 804 amorem
493 741 701 824 Neoptolemi
729 743 838 826 potius
869 761 946 824 erga
965 763 1132 820 uxorem,
1169 765 1260 826 quam

243 845 407 906 dissidium
429 847 515 906 inter
538 866 593 906 eos
617 856 766 906 exortum
798 845 920 905 indicat
929 863 938 914 ς
968 845 1010 905 cf.
1032 844 1162 906 Schol.
1187 848 1260 904 Eur.

242 947 283 1008 ad
305 948 364 1011 Or.
390 947 475 1032 1649.
518 947 580 1006 Alii
601 967 682 1010 vero
704 965 777 1008 eum
799 946 945 1028 Delphos
973 949 1107 1011 venisse
1137 949 1258 1023 dicunt,

198 1075 202 1084 ’
242 1063 279 1112 ut
301 1073 421 1134 poenas
444 1051 541 1114 occisi
563 1053 663 1134 patris
687 1051 726 1111 ab
741 1051 895 1134 Apolline
908 1049 1117 1132 exposceret,
1145 1052 1258 1132 Eurip.

245 1151 306 1216 Or.
331 1153 416 1238 1649.
455 1155 595 1216 Necatus
617 1156 727 1237 itaque
742 1152 793 1213 ibi
816 1152 934 1212 dicitur
954 1152 987 1212 in
1007 1155 1166 1215 tumultu
1191 1175 1258 1236 pro

241 1270 318 1340 pter
340 1277 452 1318 carnes
475 1257 678 1321 victimarum
701 1269 826 1328 exorto,
843 1254 937 1316 Pind.
960 1257 982 1316 Ι.
997 1256 1018 1316 l.
1032 1269 1064 1318 et
1078 1257 1132 1317 ibi
1149 1259 1254 1318 Schol.

242 1369 277 1421 et
298 1359 476 1441 Delphicus
507 1359 637 1442 quidam
656 1353 845 1418 Machaerus
875 1353 978 1415 dictus
1009 1375 1084 1416 eum
1118 1358 1256 1418 interle-

242 1461 323 1522 cisse
358 1461 474 1536 fertur,
508 1459 616 1521 Schol.
652 1461 766 1542 Eurip.
799 1456 953 1520 Androm.
990 1460 1087 1536 11283
1130 1469 1195 1520 aut
1226 1481 1252 1520 se

241 1565 347 1646 ipsum
368 1565 505 1642 necavit,
529 1585 567 1623 ex
588 1561 776 1644 Pherecyde
800 1572 833 1621 et
856 1559 1019 1641 Sophocle
1041 1561 1167 1623 Schol.
1184 1567 1253 1628 Eur.

243 1665 304 1728 Or.
331 1663 425 1740 16543
457 1677 511 1725 aut
533 1663 621 1728 iussu
641 1659 777 1742 Pythiae
796 1673 931 1721 necatus
954 1673 1013 1740 est,
1034 1663 1137 1725 Paus.
1165 1665 1190 1739 Ι,
1216 1665 1251 1738 ιΙ,

242 1781 280 1848 93
304 1763 359 1839 lv,
383 1783 430 1844 17,
451 1766 489 1830 43
528 1761 568 1838 X,
598 1778 646 1839 ar,
675 1759 712 1836 43
744 1759 801 1818 ille
822 1759 997 1818 Pausaniae
1025 1751 1123 1820 locus
1163 1783 1255 1842 quem

243 1864 385 1947 primum
418 1861 531 1944 posui,
566 1859 730 1944 quomodo
765 1853 893 1919 fabellis
914 1858 1049 1920 historia
1071 1860 1251 1942 depravata

244 1967 286 2024 sit
309 1961 527 2036 demonstrat,
551 1980 633 2042 quae
655 1960 740 2020 enim
763 1958 802 2018 de
824 1958 920 2020 simili
941 1971 1047 2021 morte
1069 1962 1250 2044 Neoptole-

242 2063 289 2126 ¹mi
312 2075 347 2126 et
365 2062 482 2145 Pyrrhi
502 2063 660 2144 Epirotae
682 2061 853 2141 dicuntur,
881 2075 1052 2144 poetarum
1080 2062 1243 2124 blandien-

244 2171 325 2230 tium
346 2175 444 2251 magis
467 2179 501 2228 et
521 2166 740 2228 fabulatorum
763 2189 857 2251 quam
876 2171 998 2231 veracis
1018 2170 1176 2234 historici
1188 2193 1240 2232 esse

245 2293 382 2348 censeo,
415 2289 509 2330 causa
538 2281 646 2329 autem
667 2253 781 2330 mortis
811 2267 952 2334 affertur
971 2279 1153 2351 postremo
1171 2272 1228 2342 loco,

244 2373 334 2460 quod
355 2371 515 2451 templum
536 2367 733 2451 Delphicum
753 2370 939 2443 invasisset,
968 2369 1054 2432 idem
1080 2372 1156 2436 alio
1174 2373 1227 2432 loca

241 2479 281 2558 ΙΙ,
304 2481 352 2553 all,
374 2499 393 2561 9
414 2476 568 2560 Pyladem
590 2478 620 2538 ei
640 2489 780 2539 mortem
801 2479 963 2560 paravisse
985 2491 1106 2540 narrat.

325 2581 463 2642 Diversa
484 2579 523 2640 ab
544 2577 604 2639 hac
625 2579 727 2640 altera
748 2581 892 2640 narratio
915 2587 982 2656 est,
1006 2601 1069 2664 qua
1090 2582 1130 2641 in
1152 2577 1239 2662 Epiro

242 2683 497 2762 Neoptolemum
527 2683 636 2746 sedem
664 2681 771 2743 fixisse
800 2695 834 2743 et
855 2703 989 2742 uxorem
1010 2681 1170 2744 hahuisse
1190 2683 1241 2741 An·
1269 2701 1270 2712 ¹

244 2782 442 2844 dromachen
464 2781 622 2862 'tradunt3
652 2795 907 2846 commemorant
929 2803 998 2842 eam
1019 2785 1195 2844 Pausanias
1213 2781 1242 2854 ΙΙ,
1269 2827 1270 2838 ,

243 2887 295 2962 23,
314 2884 353 2966 63
377 2887 430 2964 ΙΙΙ,
453 2905 503 2965 ao,
523 2889 560 2968 83
583 2887 689 2950 Strab.
710 2888 780 2965 Vlt,
802 2889 873 2963 503,
895 2889 923 2946 B
931 2909 942 2966 3
964 2889 1051 2964 xm,
1072 2889 1156 2969 8883
1177 2883 1243 2952 Vel·

242 2987 297 3051 lei.
318 2987 388 3048 Pal.
412 2987 436 3065 Ι,
463 3012 494 3068 ¹3
527 2990 614 3048 Plut.
636 2986 750 3070 Pyrrh.
788 3009 820 3065 ¹3
855 2996 922 3052 tres
953 2971 1243 3049 ex'Andromacta

244 3088 332 3150 filios
353 3093 501 3172 genuisse
524 3089 657 3167 dicitur,
679 3087 875 3170 Pyrrhum
902 3090 1128 3150 Molossum
1159 3094 1243 3150 Aea·

244 3189 389 3270 eidem,
423 3189 531 3252 Schol.
567 3191 681 3274 Eurip.
715 3190 818 3251 Andr.
850 3189 907 3270 263
941 3190 1056 3274 quihus
1078 3189 1242 3251 Pausanias

244 3303 398 3376 quartum
432 3295 676 3375 Pergamum
716 3291 822 3370 addit,
854 3315 1043 3378 'quanquam
1075 3292 1241 3376 Euripides

243 3399 436 3480 ipsaunum
457 3397 555 3458 modo
576 3397 678 3458 lilium
700 3395 761 3479 ipsi
782 3397 926 3479 genitum
948 3417 1018 3458 esse
1040 3396 1149 3458 tradit.
1190 3396 1240 3454 Ur·

243 3501 319 3564 hem
339 3487 384 3563 ilii
406 3489 599 3584 Pergamum
621 3502 775 3564 condidit.
818 3493 962 3563 Alteram
992 3512 1100 3562 autem
1121 3512 1240 3584 praete-

244 3625 301 3664 rea
330 3625 465 3665 uxorem
491 3607 521 3665 ei
555 3607 703 3668 tribuunt
723 3611 896 3668 Lanassam
923 3599 1086 3668 Herculis
1105 3619 1237 3690 neptem,

246 3727 340 3789 equa
362 3717 437 3766 octo
459 3705 580 3767 liberos
602 3707 793 3783 sustulisset,
814 3708 901 3772 Plut.
921 3708 943 3769 l.
956 3708 997 3789 l.;
1019 3705 1132 3770 lustin.
1147 3703 1237 3776 XVII,

243 3807 282 3888 33
311 3809 367 3892 qui
389 3828 463 3868 eum
477 3807 608 3870 Heleno
633 3807 675 3869 oh
695 3809 886 3870 industriam
906 3807 1101 3890 singularem
1111 3822 1235 3888 regnum

137 3919 140 3926 '
246 3907 414 3976 Chaonum
434 3921 488 3982 ,et
521 3929 658 3974 uxorem
690 3909 939 3972 Andromachen
971 3907 1097 3970 dedisse
1133 3907 1234 3968 refert.

246 4008 345 4100 Quod
365 4009 392 4070 si
413 4019 521 4072 tamen
539 4008 682 4091 Delphis
701 4009 826 4072 occisus
858 4007 991 4091 dicitur,
1022 4007 1063 4070 ad
1088 4007 1174 4070 hunc
1197 4004 1232 4062 fa·
