2722 4776
627 416 864 479 x..¹73...

206 630 214 652 ι
260 597 353 660 Ρο101
374 595 541 682 filiumque
566 617 637 658 eum
661 595 773 660 Actaei
795 608 828 661 ct
840 599 979 663 Glauces
999 597 1158 682 Cyrichrei
1178 599 1297 665 filiae

259 701 376 782 tradit3
407 722 469 785 pro
489 700 547 762 illo
582 705 739 765 Actaeo
770 703 945 766 Actoris
979 707 1294 788 nomenHeynius

256 806 432 892 legendum
454 815 582 886 censet,
604 803 692 890 quod
713 807 846 890 probari
866 817 995 890 potest,
1025 831 1217 893 quanquam
1247 811 1295 871 in

257 922 324 972 tam
345 909 502 992 singulari
520 931 558 971 re
593 910 955 973 temereiudicandum
977 933 1042 973 non
1070 922 1129 974 est.
1170 915 1294 976 Haec

259 1019 366 1072 nutem
387 1011 526 1075 varietas
547 1011 622 1074 inde
645 1023 758 1075 exorta
780 1034 849 1076 esse
871 1011 1012 1095 videtur,
1036 1015 1124 1098 quod
1137 1015 1293 1099 Aegina

259 1112 353 1174 alteri
391 1134 523 1198 quoque
553 1113 700 1196 nupsisse
733 1114 866 1193 dicitur,
899 1116 1013 1179 Actori
1044 1117 1189 1200 scilicet3
1230 1122 1289 1182 cf.

257 1213 368 1278 Schol.
389 1216 481 1281 Pind.
504 1215 625 1293 01111,
639 1219 808 1300 107,Eust.
832 1220 870 1282 11.
892 1223 922 1300 β,
945 1219 1014 1290 684.
1028 1222 1106 1282 Eius
1128 1223 1286 1284 Actoris

255 1305 363 1402 nepos
411 1328 518 1382 autem
565 1321 684 1384 dicitur
725 1324 921 1408 plerumque
963 1321 1154 1404 Patroclus,
1208 1325 1283 1388 sed

257 1414 402 1478 eiusdem
436 1418 581 1481 Patrocli
614 1430 742 1503 patrem
770 1425 966 1486 Menoetium
997 1423 1091 1488 Pelei
1123 1423 1283 1488 fratrem

256 1535 328 1578 esse
361 1530 550 1582 narraverat
581 1521 762 1602 Hesiodus,
794 1521 943 1586 Eustath.
978 1525 1018 1586 ad
1046 1526 1085 1591 ll.
1122 1515 1168 1600 a,
1187 1527 1278 1612 337.

256 1617 352 1702 Apud
373 1621 480 1683 nullos
502 1621 581 1685 alios
607 1635 757 1686 auctores
779 1627 941 1688 autemid
961 1630 1087 1691 narrari
1117 1631 1277 1714 memini,

249 1723 454 1786 'Menoetium
465 1725 567 1788 Aeaci
586 1724 689 1789 lilium
710 1727 824 1807 fuisse,
860 1729 942 1794 Hinc
963 1733 1110 1816 suspicor
1132 1755 1275 1796 errasse

254 1835 311 1885 aut
330 1822 536 1885 Eustathinm
558 1839 614 1888 aut
636 1847 709 1887 eum
732 1848 828 1910 quem
850 1832 1020 1915 exscripsit
1040 1833 1166 1916 potius,
1202 1834 1273 1918 qui

253 1938 300 1987 ut¹
311 1925 457 1988 Patrocli
478 1947 552 1988 cum
567 1926 696 1992 Achille
710 1928 901 1994 affinitatem
914 1934 1162 2017 demonstraret,
1186 1959 1271 1999 cum

253 2030 431 2093 invenisset
452 2029 651 2096 Menoetium
673 2041 708 2098 et
728 2037 939 2102 Telamonem
961 2039 1000 2102 ab
1023 2041 1169 2104 Hesiodo
1193 2037 1270 2106 fra⁴

252 2143 321 2195 tres
336 2131 440 2194 dictos
462 2153 542 2214 esse,
563 2138 700 2200 Peleum
712 2161 844 2223 quoque
855 2139 903 2202 his
918 2140 1050 2222 addidit,
1072 2165 1268 2228 quanquam

252 2231 287 2295 hi
307 2234 346 2296 ab
367 2237 495 2317 Aeaeo,
528 2238 585 2298 ille
606 2239 646 2299 ab
668 2241 791 2304 Actore
812 2243 913 2324 geniti
933 2256 1060 2327 essent,
1082 2243 1123 2310 ef.
1145 2245 1262 2308 Schol.

254 2340 292 2403 ll.
314 2359 344 2413 o,
370 2359 415 2416 ιο,
441 2363 488 2414 ιι,
509 2339 565 2401 ubi
599 2356 825 2424 argumentum
846 2343 886 2406 de
914 2344 975 2408 hac
996 2345 1153 2410 affinitate
1175 2349 1261 2414 illud

251 2439 358 2520 ipsum
379 2436 590 2520 praecipuum
611 2437 748 2517 habent,
777 2442 934 2524 Aeginam
955 2444 1070 2508 Actori
1096 2449 1257 2530 nupsisse.

160 2607 161 2610 Ἴ
251 2537 408 2599 Rationes
430 2547 554 2616 autem,
578 2539 693 2621 quibus
714 2554 882 2624 permotus
905 2545 1077 2610 Pausanias
1101 2551 1139 2629 ll,
1165 2551 1212 2629 15,
1233 2551 1254 2613 5

254 2639 312 2720 (cf.
336 2641 443 2706 Schol.
464 2637 559 2704 Pind.
583 2642 634 2707 01.
663 2643 704 2724 X,
732 2644 787 2730 39)
822 2646 902 2710 duos
932 2651 1030 2712 fuisse
1059 2655 1249 2718 Telamonas

250 2755 369 2824 putare
391 2739 536 2820 videtur,
569 2743 651 2805 talea
672 2767 736 2808 non
757 2739 844 2826 sunt,
865 2771 946 2834 quae
969 2751 1185 2843 Pherecydem
1204 2759 1245 2819 ad

224 2842 487 2916 ‚immutandum
522 2843 650 2906 fabulae
683 2853 835 2932 antiquae
865 2853 1012 2937 ordinem
1043 2879 1250 2925 commovere

251 2945 426 3026 deberent3
459 2960 588 3030 poterat
620 2951 704 3011 enim
733 2954 766 3012 in
788 2975 896 3037 pugna
928 2972 1041 3022 contra
1072 2965 1164 3027 Elios
1198 2985 1255 3028 oc-

250 3051 333 3114 cisus
356 3051 418 3113 dici
437 3052 594 3115 Telamon
616 3069 648 3116 et
670 3070 777 3119 tamen
798 3059 861 3122 alio
883 3064 980 3127 modo
1000 3068 1034 3127 in
1055 3071 1251 3133 narrationi-

249 3151 309 3212 hus
332 3152 372 3212 de
404 3150 513 3212 reditu
535 3154 736 3218 Graecorum
758 3179 775 3219 e
797 3164 911 3238 Troia,
939 3143 1020 3248 quae
1050 3175 1257 3236 narrationes

250 3259 301 3314 101
320 3255 493 3337 singularia
515 3266 549 3320 et
570 3257 695 3320 diversa
718 3262 757 3323 ab
779 3263 849 3326 aliis
872 3267 1057 3350 continent,
1085 3274 1169 3336 tradi
1191 3297 1256 3358 pc·

249 3366 354 3435 terat,
383 3357 525 3420 eiectum
555 3381 625 3422 esse
652 3383 668 3425 a
691 3367 866 3429 Telamone
899 3372 1054 3436 reducem
1075 3379 1255 3447 Teucrum.

251 3458 368 3540 Neque
389 3460 456 3518 ulla
478 3463 538 3522 alia
553 3464 880 3548 resPherecydemut
894 3473 928 3534 id
939 3483 1254 3542 statueretcommo-

247 3557 333 3621 visse
354 3559 502 3639 videtur,
525 3585 620 3648 quam
641 3576 828 3651 temporum
851 3579 1067 3658 computatio,
1088 3579 1146 3642 sed
1167 3595 1254 3665 quot·

248 3659 365 3750 heroas
387 3667 569 3727 curatione
592 3668 710 3749 exiis,
742 3694 881 3756 quorum
901 3683 1059 3741 memoria
1085 3693 1251 3764 superest,

242 3759 383 3822 efficere
404 3763 555 3845 poteris?
582 3768 777 3850 Exemplum
798 3781 905 3836 tamen
926 3775 988 3839 hoe
1009 3789 1068 3862 est,
1091 3795 1127 3844 ut
1147 3784 1249 3846 histo·

245 3860 307 3920 rici
329 3865 505 3925 carminum
535 3862 738 3930 vetustorum
767 3874 973 3938 traditionem
1004 3880 1248 3947 immutaverint

245 3959 353 4023 studio
376 3976 473 4048 atque
495 3965 642 4029 doctrina
663 3991 728 4062 sua.
749 4009 791 4025 —-
811 3979 1071 4063 Antiquissimam
1086 3987 1179 4052 ,enim
1199 3985 1247 4047 fa-

245 4063 431 4149 mam'esse,
452 4092 515 4156 qua
527 4073 647 4137 Peleus
669 4086 705 4138 et
715 4080 872 4145 Telamon
886 4083 1001 4150 fratres
1016 4088 1242 4172 perhibentur,
1280 4123 1282 4130 ·
