2722 4776
686 381 888 446 ..90-

285 553 370 618 enirn
402 549 548 616 sollertia
581 551 705 614 invenit
735 571 845 614 rerum
883 569 1049 616 mensuras
1085 560 1119 612 et
1157 550 1295 630 libranu

284 659 368 724 Plin.
396 657 481 724 Hist.
501 659 540 720 N·
564 659 711 741 V11,67;
740 661 833 724 Euat.
854 658 894 720 etl
916 660 953 724 ll.
975 662 1007 740 β,
1028 659 1098 722 308.
1132 660 1235 718 Paua.
1258 661 1294 732 x,

285 757 336 834 31,
361 776 393 836 ¹3
415 769 564 840 tempore
598 753 715 818 deiude
743 755 905 840 disposuit
925 756 1043 820 edendi
1064 770 1098 820 et
1118 757 1294 820 laborandi

285 868 321 922 et
341 859 465 940 vigilias
488 857 659 936 ordinavit,
681 857 791 924 Sehol.
812 859 1050 942 Euriporest.
1068 863 1139 930 han.
1152 861 1291 938 Matth3

286 975 435 1044 tesseras,
467 964 615 1046 pessulos
647 963 775 1046 ullaque
812 962 945 1027 ludendi
969 975 1003 1026 ct
1032 963 1287 1026 oblectationum

231 1111 237 1126 ›
285 1090 405 1154 genere
425 1069 570 1146 invenit,
602 1067 729 1130 litteras
751 1089 894 1154 quoque,
915 1067 958 1133 ef.
978 1079 1111 1152 praeter
1132 1082 1243 1131 auctt.
1265 1071 1292 1133 ll.

284 1173 407 1238 bttuian
429 1171 496 1237 lud.
517 1193 590 1236 voc.
611 1171 648 1249 5,
682 1179 716 1232 et
747 1192 829 1256 quos
849 1170 895 1232 ibi
915 1169 1049 1232 laudant
1080 1171 1293 1254 interpretes,

284 1275 392 1342 Wolf.
413 1275 512 1358 proll.
532 1293 604 1358 pag.
625 1274 687 1353 1213
708 1271 895 1334 Eustathius
917 1275 938 1339 1.
960 1274 981 1336 l.
1004 1294 1022 1334 e
1043 1272 1222 1356 Sophocle
1245 1296 1294 1334 sua

286 1400 320 1440 ae
341 1376 484 1438 hausisse
506 1374 604 1456 dicit;
625 1375 811 1458 pestilentia
832 1373 950 1438 deinde
973 1377 1116 1438 Graecos
1138 1376 1293 1438 liberarit

288 1483 470 1564 famemque
492 1475 637 1560 depulit,
659 1481 771 1538 'Paete
795 1477 966 1540 Antehom.
989 1479 1058 1542 325.
1080 1476 1199 1540 Sehol.
1221 1482 1292 1541 Eur.

287 1586 399 1648 orest
419 1589 497 1660 4223
520 1591 555 1642 et
566 1579 783 1642 Philostratus
804 1583 937 1644 Heroic.
960 1603 1031 1665 pag.
1051 1581 1123 1658 bsse,
1147 1584 1213 1666 qui
1224 1605 1293 1666 prae

287 1691 405 1753 ceteris
434 1687 588 1772 legendus
628 1694 680 1748 est
719 1695 755 1748 et
785 1699 901 1749 cuncta
933 1688 1075 1753 exhibet.
1115 1691 1291 1774 Postquan

288 1795 420 1857 Troiam
443 1793 655 1876 appulerant,
681 1791 751 1875 ipse
773 1809 845 1852 eum
867 1792 996 1855 Achille
1017 1793 1178 1877 plurimas
1205 1794 1292 1856 urbes

288 1895 500 1979 expugnarit3
521 1893 677 1956 Philostr.
691 1892 714 1954 l.
725 1893 746 1953 l.
767 1892 876 1958 etVit.
890 1894 950 1975 Ap.
972 1893 1034 1955 Th.
1049 1897 1104 1972 lV,
1118 1897 1150 1974 5,
1163 1919 1205 1979 p.
1232 1900 1290 1964 vl:

286 2002 398 2063 loanu.
423 1995 531 2062 blalel.
562 2013 634 2078 pag.
665 1995 730 2060 128,
762 1992 876 2056 Suidaa
907 2015 934 2059 s.
965 2015 998 2061 v.
1028 1994 1290 2080 Holnuq'dqget

290 2097 423 2182 Τάβλας
448 2107 547 2162 auott.
568 2097 603 2158 ll.
624 2097 798 2181 Epipolam
819 2117 951 2181 quoque
973 2097 1165 2161 Trachionis
1192 2102 1288 2184 liliam,

288 2223 371 2288 quae
391 2201 479 2266 virili
499 2199 612 2262 habitu
625 2207 730 2261 castra
742 2201 942 2262 Graecorum
965 2202 1182 2287 sequebatur,
1208 2227 1285 2288 Quo

286 2307 345 2383 rit,
366 2323 462 2388 quam
485 2301 603 2362 Graeci
623 2299 783 2383 lapidibus
804 2301 998 2381 obruerunt,
1020 2304 1210 2388 Hephaest.
1221 2327 1274 2390 pag.

292 2411 363 2472 250.
383 2409 556 2491 Nunquam
575 2416 747 2489 praeterea
767 2409 867 2470 iratus
888 2408 968 2489 fuit,
990 2412 1049 2474 aed
1068 2433 1208 2498 temper
1221 2417 1269 2499 pla·

287 2517 378 2582 cidus
399 2527 433 2579 et
453 2515 550 2590 mitis,
570 2511 752 2574 indefessus
781 2515 814 2575 in
836 2515 949 2578 labore
970 2537 1032 2600 pro
1059 2520 1172 2584 adure
1201 2525 1278 2586 one

287 2641 412 2684 eorum.
432 2621 545 2694 Trete,
567 2614 654 2694 Chil,
676 2617 730 2693 lll,
756 2639 821 2700 ¹77·
865 2621 936 2701 lpse
962 2623 1163 2685 cumfratre
1192 2627 1285 2690 Oeace

286 2723 319 2783 iu
341 2740 405 2782 una
430 2717 543 2801 cymba
563 2717 695 2779 'Ihoiam
717 2717 864 2798 traiecit,
885 2719 1046 2784 Philostr.
1069 2725 1210 2788 Heroic.
1232 2745 1290 2810 pag.

287 2827 348 2908 boo
373 2823 416 2885 Ι).

370 2923 506 3006 'Iriplex
527 2921 568 2986 de
589 2921 658 2983 eins
680 2932 786 2987 morte
806 2923 891 2988 fama
912 2940 974 2990 est.
999 2928 1115 2992 Gloria
1135 2939 1172 2992 et
1200 2955 1293 2996 anor.

288 3045 354 3110 quo
382 3045 457 3087 eum
480 3024 598 3087 Graeci
624 3025 944 3107 complectebantur,
976 3030 1128 3094 invidiam
1158 3033 1295 3097 aliona

286 3125 409 3204 nturit,
454 3121 602 3208 inprimis
636 3128 833 3206 Agamemno
862 3127 1016 3210 timebat,
1053 3149 1096 3190 ne
1135 3129 1294 3216 abrogata

287 3225 348 3288 sibi
367 3227 505 3310 imperio
526 3225 715 3288 Palamedes
737 3249 797 3290 rex
818 3239 1000 3309 crearetur,
1029 3255 1128 3317 quem
1148 3253 1297 3300 meatu

287 3327 369 3391 uduo
401 3325 502 3389 fuisse
533 3327 742 3389 Ptolomaeus
774 3327 887 3412 Heph.
913 3331 1014 3394 tradit
1043 3353 1118 3416 pag.
1146 3335 1231 3404 250.
1265 3337 1297 3400 el

287 3451 359 3512 cap.
378 3451 446 3514 seq.
468 3434 577 3512 lpsum
598 3429 680 3492 adeo
702 3433 871 3494 oraculum
892 3435 1052 3517 Apollinis
1080 3437 1298 3503 confir-mn·

288 3539 339 3590 rat
359 3527 587 3591 auctoritatem
598 3529 789 3609 Palamedis,
810 3554 871 3615 per
893 3553 968 3598 eum
987 3538 1074 3600 enim
1097 3541 1300 3604 sacrifm'u

288 3629 436 3711 Apollini
466 3629 628 3692 Smintbio
650 3629 795 3694 exhiberi
814 3635 970 3716 iusserat3
1000 3637 1119 3721 quibus
1140 3645 1298 3706 omnibu

289 3733 336 3792 uti
357 3729 471 3814 populi
492 3731 525 3792 in
557 3751 630 3793 eum
652 3755 743 3796 amor
779 3735 980 3820 augebatur,
1014 3739 1058 3802 ita
1088 3740 1300 3807 inimicum

287 3833 384 3894 autimi
404 3834 587 3898 exacerbati
606 3845 692 3903 sunl.
732 3839 817 3899 Prae
837 3837 909 3902 aliis
928 3843 1070 3924 Ulyssea,
1090 3846 1148 3928 qui
1171 3850 1298 3910 victu

288 3955 324 3995 se
344 3935 473 4018 ingenio
494 3937 674 4000 Palamedis
695 3952 728 4002 et
749 3938 872 4018 dolum,
892 3965 960 4026 quo
981 3943 1130 4028 effugere
1143 3951 1298 4011 militiam

289 4035 467 4101 studuerat.
489 4039 655 4102 detectum
675 4061 746 4103 csse
767 4043 945 4125 aegerrime
969 4045 1105 4124 ferebat,
1138 4067 1221 4109 cun
1245 4051 1298 4110 du
