2626 4768
423 949 629 1026 CAPUT
680 949 747 1026 XI.

153 1189 394 1252 amoenum
419 1193 645 1261 novemve,
672 1193 877 1252 CIVITA'I'ES
901 1195 1015 1254 emen

364 1300 515 1358 rnouu
531 1301 798 1360 aserenam.

82 1538 321 1655 Advenientes
345 1582 463 1647 Graeci
482 1585 592 1648 statim
612 1584 741 1650 obviam
761 1585 946 1650 hahuerunt
966 1587 1082 1672 Sarpe-

83 1692 217 1784 donem,
238 1689 294 1774 qui
313 1691 442 1753 Priamo
463 1690 690 1778 hequeutihus
711 1694 830 1757 nuntiis
853 1695 973 1757 accitus
995 1693 1082 1755 auxi·

81 1793 126 1856 lio
146 1791 357 1877 properabat3
381 1813 455 1856 curn
476 1815 516 1857 eo
538 1795 691 1877 Troiani,
720 1799 776 1881 qui
803 1819 842 1862 ex
860 1798 945 1860 urhe
967 1819 1084 1882 erupe-

80 1907 171 1976 rant,
204 1919 293 1961 arma
313 1897 515 1981 coniungunt
542 1908 576 1961 et
603 1897 777 1962 hostesne
807 1899 1042 1982 egrederentur
1064 1919 1083 1962 e

80 1997 216 2060 nauibus
237 1999 412 2082 prohibere
434 1999 576 2064 student.
619 2001 810 2063 herisinde
832 2011 945 2064 exorta
964 2023 1083 2086 pugna,

83 2099 117 2162 in
137 2122 201 2184 qua
221 2099 419 2162 Protesilaus
441 2119 458 2160 e
482 2098 632 2178 Graecis,
655 2097 719 2162 dno
739 2099 860 2160 Priami
880 2099 939 2161 {ilii
960 2119 979 2161 e
1000 2104 1082 2163 Tro·

82 2205 160 2266 ienis
183 2201 282 2268 occisi
301 2214 392 2282 eunt,
412 2222 515 2286 usque
538 2200 614 2262 dum
633 2201 716 2262 Aiax
738 2210 771 2266 et
790 2200 935 2264 Achilles
955 2201 1083 2284 potissi-

81 2328 166 2368 mum
205 2303 401 2391 propulsatis
441 2301 587 2367 hostibus
637 2303 778 2368 liberum
818 2316 852 2368 et
894 2303 1082 2388 expeditum

80 2430 248 2493 egressum
281 2407 345 2470 suis
382 2407 505 2470 fecere.
556 2408 647 2468 Haec
678 2406 791 2488 Dictys
826 2407 869 2486 II,
904 2428 936 2466 ιι
974 2403 1083 2470 tradit.

81 2514 169 2575 Idem
189 2513 213 2591 I,
238 2511 274 2574 18
294 2506 518 2594 Sarpedonem
538 2527 645 2592 neque
666 2507 820 2589 precihus
851 2527 959 2590 neque
987 2527 1082 2590 prae·

80 2617 149 2677 miis
170 2633 278 2696 neque
299 2611 402 2696 gratia
422 2608 629 2674 Sidoniorum
658 2610 743 2692 regis
764 2607 906 2670 Phalidis
940 2627 1081 2673 eommo-

77 2715 151 2780 veri
170 2714 315 2797 potuisse
336 2711 434 2792 dicit,
455 2721 493 2776 ut
515 2712 716 2776 Graecorum
737 2720 851 2774 eontra
872 2711 1004 2774 Troiam
1023 2713 1081 2773 mi-

75 2817 179 2880 litiam
208 2827 419 2900 sequeretur3
453 2835 550 2898 quem
579 2837 645 2877 non
671 2826 708 2877 ut
727 2817 891 2878 Homerus
911 2816 948 2877 11.
972 2815 1000 2894 ζ,
1025 2837 1081 2904 ¹99

77 2919 161 2982 Iovis
173 2917 409 2980 etLaodamiae
430 2918 489 2980 sed
500 2914 620 2980 Xanthi
640 2928 674 2978 et
686 2915 878 2981 Laodamiae
900 2915 1003 2979 filium
1024 2939 1081 2980 uo·

75 3023 194 3102 minat,
224 3041 299 3084 oum
320 3022 374 3084 alii
394 3021 488 3085 multi
517 3033 666 3084 auctores
689 3019 916 3082 dissentientes
942 3019 1020 3082 item
1042 3020 1081 3080 ab
1150 3089 1153 3098 1

75 3121 224 3181 Homero
244 3129 381 3182 matrem
409 3119 477 3183 eiua
498 3121 664 3202 Europam
690 3117 884 3202 perhibent,
913 3127 953 3180 ut
980 3118 1082 3182 Scho-

74 3221 170 3284 liasta
191 3221 230 3284 11.
252 3219 293 3282 ad
315 3243 340 3300 a,
362 3220 441 3291 6313
462 3243 497 3298 μ,
519 3239 577 3304 292
600 3239 640 3282 ex
654 3219 798 3282 Hesiodo
821 3229 855 3284 et
874 3218 1082 3302 Bacchylide

73 3326 197 3390 Strabo
218 3327 306 3406 XIII,
339 3341 412 3409 pag.
443 3326 504 3392 858
523 3326 563 3389 Β.
593 3345 633 3387 ex
652 3325 790 3409 Ephoro
810 3323 920 3405 affert,
950 3323 992 3386 cf.
1013 3326 1081 3386 He·

73 3430 185 3495 rodot.
219 3432 241 3509 I,
264 3431 354 3512 '1733
388 3429 445 3506 IV,
476 3421 534 3506 453
568 3429 679 3488 Tzon.
716 3425 757 3488 ad
784 3427 947 3512 Lycophr.
985 3431 1081 3512 12933

72 3527 188 3594 SohoI.
208 3529 250 3592 ad
269 3530 383 3613 ApoII.
404 3529 465 3594 nh.
486 3529 509 3607 I,
534 3527 601 3593 185.
635 3527 734 3623 Quod
755 3527 873 3612 siquis
895 3525 1081 3612 quaesierit,

72 3633 242 3719 quomodo
260 3633 287 3694 is
307 3636 461 3717 Europae
482 3629 567 3691 filius
591 3629 709 3694 durare
730 3629 771 3692 ad
792 3630 910 3692 Troica
930 3644 1079 3711 tempora

71 3735 240 3820 potnerit,
269 3734 300 3798 ei
322 3731 540 3817 respondetur
572 3729 700 3809 fabula,
726 3751 916 3794 eoncessum
942 3727 1081 3793 fuisses

70 3835 156 3903 Iove
177 3831 376 3916 Sarpedoni,
405 3843 443 3895 ut
461 3853 522 3916 per
544 3838 611 3894 tres
634 3832 857 3914 generationes
878 3831 1022 3909 viveret,
1042 3837 1082 3892 ut

69 3932 297 4018 Apollodorus
319 3934 364 3996 ait
383 3936 442 4013 III,
463 3958 489 4012 1,
511 3953 538 3997 a.
552 3915 580 4014 §
600 3933 630 4012 3,
651 3945 707 3994 aut
726 3954 787 4018 per
808 3954 875 4012 sex,
896 3941 934 3994 ut
954 3933 1080 3998 Scholi-

73 4048 158 4100 astes
182 4037 220 4101 Il.
236 4036 276 4100 ad
291 4036 320 4118 ζ,
347 4059 412 4124 199,
424 4057 504 4140 'quo
527 4036 601 4099 Ioco
625 4032 722 4118 ἔσχεν
742 4035 918 4120 legendum
940 4047 1000 4119 est,
1020 4037 1081 4100 nisi
