2722 4776
229 392 274 450 lV

228 567 273 642 id
311 591 469 671 prorsus
503 567 704 641 eGraeco
742 569 954 672 exemplari
989 593 1229 674 expressum,

228 715 323 763 num
346 687 501 763 fabulae
528 687 663 792 plures
695 691 998 784 contaminatae,
1041 717 1136 764 num
1163 695 1232 772 de-

228 810 348 911 nique
366 793 415 882 ‘in
455 825 684 910 argumento
713 812 884 884 Graecae
911 809 1138 910 tragoediae
1164 812 1234 886 ali-

232 927 330 1031 quid
368 913 502 1004 contra
543 929 726 1002 traditum
773 930 954 1030 antiquae
1002 929 1229 1004 narrationis

232 1051 412 1126 ordinem
434 1051 673 1125 immutatum
691 1069 814 1138 esset;
841 1055 880 1126 in
900 1077 979 1154 quo
994 1051 1086 1124 mihi
1112 1053 1173 1126 Na
1186 1083 1228 1129 e-

230 1173 298 1246 tii
323 1173 590 1274 praeceptoris
617 1170 881 1246 colendissimi
913 1169 1136 1274 exemplum
1150 1173 1229 1246 ani·

231 1318 296 1365 mo
324 1291 620 1366 obversabatur.
664 1291 838 1393 Cumq'ue
860 1293 1020 1367 Homeri
1045 1290 1228 1366 aliorum-

233 1439 309 1514 que
335 1428 540 1515 poetarum
564 1409 677 1484 locos
704 1428 924 1506 enotarem‚
961 1413 1104 1512 Dictyn
1132 1441 1234 1515 quo-

233 1561 310 1636 que
345 1538 383 1606 in
403 1559 536 1607 manus
563 1535 701 1629 sumsi,
727 1537 932 1636 'statimque
951 1534 1229 1637 intelligebam,

232 1657 333 1734 hanc
360 1659 410 1733 de
436 1656 579 1730 fabulis
607 1682 700 1760 quas
737 1657 802 1732 hic
837 1659 1003 1762 scriptor
1041 1662 1236 1759 congessit

231 1782 351 1888 paulo
377 1783 425 1855 ab
453 1809 499 1858 ca
523 1808 640 1884 quam
666 1781 933 1885 egometmihi
949 1807 1233 1889 proposueram

233 1906 504 2008 quaestionem
543 1905 735 1979 diversam
776 1931 873 1981 esse.
930 1903 1071 1998 Quoad
1115 1905 1234 2004 igitur
1353 1927 1354 1930 ’

233 2034 404 2138 magistri
443 2035 613 2108 muneris
651 2091 662 2129 ,
707 2033 818 2137 quod
858 2034 1012 2107 interim
1047 2055 1231 2134 suscepe-

231 2187 329 2254 ram,
357 2159 480 2232 otium
504 2159 755 2261 suppetebat,
783 2187 831 2232 ex
857 2160 1036 2232 omnibus
1064 2161 1231 2260 scripto-

231 2282 342 2358 ribus
368 2306 625 2383 quoscunque
653 2282 839 2383 attingere
864 2300 1042 2386 poteram
1064 2285 1228 2376 fabulas,

235 2427 335 2505 quae
362 2399 414 2476 ad
441 2401 597 2505 cyclum
622 2403 809 2477 Troicum
833 2407 1098 2506 pertinebant,
1125 2403 1236 2482 colli·

232 2524 389 2628 gebam,
416 2527 549 2628 sicque
577 2526 641 2600 hic
665 2523 827 2600 libellus
854 2528 1056 2604 confectus
1082 2547 1155 2606 estt
1192 2531 1238 2606 In

238 2676 318 2752 quo
346 2648 547 2752 quidquid
586 2650 714 2726 bonae
752 2651 873 2754 frugis
908 2653 1030 2746 inest,
1070 2655 1113 2726 id
1139 2658 1237 2731 Ntu-

156 2813 158 2820 ·
235 2791 375 2848 Bonan
400 2772 553 2846 liberali
580 2773 839 2848 exhortationi
872 2772 1056 2868 debetur,
1084 2803 1240 2878 quem

233 2900 410 2970 virum
441 2921 514 2970 nos
540 2895 666 2972 Rheni
691 2897 848 2973 accolae
876 2897 1009 2973 datum
1031 2902 1148 2975 nobis
1176 2902 1242 2975 di-

234 3019 377 3096 vinitus
403 3045 486 3094 csse
513 3018 762 3123 gratulamur,
789 3038 833 3095 ut
857 3021 985 3096 studia
998 3039 1113 3126 atque
1133 3051 1239 3099 amo-

233 3169 321 3220 rem
338 3144 554 3219 litterarum
578 3144 835 3244 antiquarum,
863 3170 957 3246 quas
985 3148 1103 3250 ipse
1127 3149 1231 3238 inge·

116 3327 122 3336 .
234 3269 302 3342 nio
328 3292 479 3342 summo
507 3281 549 3340 et
580 3263 757 3340 doctrina
794 3266 1014 3342 admirabili
1050 3266 1230 3354 illustrat,

234 3391 276 3464 in
300 3393 434 3488 animis
459 3390 632 3463 omnium
658 3389 860 3464 confirmet
899 3388 1077 3492 exemplo
1114 3411 1233 3489 prae-

222 3514 364 3600 claro3
406 3511 573 3603 cuius
594 3510 821 3585 memoriam
856 3509 949 3588 dum
972 3512 1096 3584 vivam
1131 3523 1237 3614 grate

235 3638 381 3742 pieque
406 3634 464 3707 uti
489 3630 608 3706 decet
632 3629 773 3709 colam.

337 3778 521 3883 Singulos
558 3805 654 3854 vero
681 3779 970 3882 tragoediarum
993 3793 1173 3854 auctores
1198 3787 1240 3848 et

238 3902 454 3977 dramatum
478 3900 750 4007 inscriptiones
776 3902 1003 4001 ubicunque
1030 3920 1158 3970 sermo
1179 3917 1238 3968 esa

236 4043 296 4103 set
320 4025 372 4102 de
395 4024 558 4122 fabulis,
582 4049 676 4128 quas
701 4039 924 4126 argumenta
950 4019 1160 4096 carminum
1182 4013 1238 4086 si-
