2722 4776
110 1213 293 1320 Malorum
314 1241 502 1334 memoriam
523 1257 642 1341 resque
664 1264 769 1342 gestas
802 1245 994 1324 earminilrus'
1029 1249 1114 1327 eele²

106 1366 215 1440 hiare,
238 1375 489 1426 communeerat
511 1367 657 1428 omnibus
673 1369 810 1452 antiquis
833 1371 963 1452 populis
986 1371 1114 1432 instita-⁵

108 1477 187 1544 tum,
208 1487 315 1549 neque
342 1488 428 1528 nunc
460 1468 526 1528 ulla
557 1467 628 1530 lere
649 1489 727 1550 gens
756 1471 894 1532 inveniri
916 1481 1026 1551 potest
1048 1481 1115 1534 tam

108 1569 224 1630 suimet
258 1568 356 1648 ipsius
389 1580 487 1652 atque
516 1571 618 1630 omnis
646 1572 768 1652 gloriae
800 1571 997 1654 despiciens,
1030 1577 1113 1656 quae'

105 1674 276 1734 immemor
307 1674 437 1755 originis
471 1695 546 1736 suae
580 1689 709 1758 patrum
736 1665 847 1738 laudes
878 1680 1018 1760 posteris
1047 1702 1114 1742 non

107 1775 290 1837 tradiderit.
333 1777 431 1872 Quod
461 1778 604 1838 studium
638 1779 678 1839 ab
700 1781 769 1860 ipsa
791 1801 923 1865 quoque
943 1795 1059 1843 natura
1079 1783 1114 1844 in

105 1873 216 1940 animis
238 1879 403 1940 hominum
431 1881 624 1964 impressutit
660 1891 724 1962 est,
758 1891 832 1944 curn
862 1904 899 1947 ea
920 1885 962 1947 sit
992 1897 1114 1946 mortni

63 1983 66 1990 '
103 1980 184 2043 lium
206 1983 368 2060 conditio,
399 1997 436 2045 ut
456 2007 609 2065 praesens
630 1989 786 2068 temporis
808 1998 1018 2064 momentum,
1052 1990 1114 2051 nisi

105 2083 183 2144 (lum
204 2085 268 2144 iam
289 2087 505 2167 praeterlapsi
525 2077 757 2166 recordantur,
786 2103 980 2172 perceptum
1012 2102 1111 2177 atque

105 2185 379 2266 comprehensum
411 2189 608 2252 conscientia
638 2212 754 2254 revera
776 2215 841 2254 non
862 2207 1003 2256 teneant.
1046 2197 1112 2260 Sed

104 2289 216 2350 animis
249 2281 283 2352 in
305 2293 433 2354 diversa
463 2273 622 2358 distractis
656 2307 711 2357 aut
732 2300 910 2380 praeterita
932 2301 1111 2382 repetimus

103 2401 159 2448 aut
186 2387 298 2450 futura
332 2390 440 2454 fallaci
471 2404 541 2456 arte
572 2409 856 2477 repraesentantes
884 2403 1110 2492 praeripimus

101 2485 377 2575 felicitatemque,
400 2517 495 2578 quam
516 2500 749 2562 studiosissime
782 2523 892 2564 omnes
915 2507 1110 2587 appetimus,

56 2665 59 2672 .
104 2597 159 2652 a'ut
182 2607 326 2676 ereptam
349 2598 496 2678 lugemus
521 2614 575 2663 aut
597 2625 670 2665 sero
705 2608 834 2667 tandem
865 2621 1036 2672 venturam
1058 2627 1112 2674 ex*

99 2706 286 2775 pectamus3
323 2717 427 2782 eoque
461 2700 582 2782 duplici
604 2707 796 2789 compendio
818 2713 998 2792 praesentis
1021 2714 1108 2777 vitae

100 2797 243 2883 rationes
266 2803 487 2881 consolamur,
516 2799 655 2868 iucunda
677 2805 874 2894 antiquitatis
895 2817 1051 2904 memoria
1073 2825 1108 2878 et

99 2915 158 2976 spe
182 2875 269 2958 ‹lulci
290 2883 413 2964 ¹salutis.
455 2851 508 2966 Sic
530 2909 621 2969 aurei
641 2909 726 2971 illius
748 2914 820 2976 aevi
840 2917 995 2977 memoria
1016 2917 1107 2978 nulla

18 3043 23 3051 ,
98 3004 306 3062 vetustate
297 3026 331 3082 ιιι
359 3010 445 3068 omni
467 3029 587 3090 genere
608 3011 748 3076 humano
771 3017 888 3096 deleta,
911 3028 1006 3104 quam
1028 3035 1107 3104 gen-'

99 3109 149 3160 tes
174 3112 206 3161 et
225 3103 369 3169 homines
392 3111 510 3194 singuli
531 3115 654 3196 primae
668 3122 779 3181 aetatis
802 3123 1002 3208 laetaeque
992 3141 1106 3188 iuven·

97 3203 177 3264 tutis
200 3225 358 3268 memores
388 3214 572 3296 celebrant,
603 3219 724 3304 ubique
744 3236 895 3306 superest
916 3239 1023 3313 neque
1045 3242 1105 3290 ιιιι·Ι

34 3311 43 3330 ⁸
97 3312 193 3388 q'uam
216 3321 398 3388 evanescet,
420 3325 453 3376 et
474 3318 609 3380 eandem
639 3331 798 3402 aetatem,
831 3325 903 3387 fore
938 3335 976 3389 u't
1009 3343 1101 3395 certe

98 3421 284 3490 temporum
306 3411 420 3475 ordine
442 3417 613 3502 aliquando
636 3415 770 3501 rediret,
790 3447 922 3509 sperare
945 3413 1100 3494 lubeban:

94 3518 150 3568 tur
173 3521 299 3572 veteres
323 3517 463 3576 oraculis
485 3533 518 3580 et
538 3523 712 3603 vaticiniis,
734 3547 771 3588 ac
793 3551 851 3592 nos
874 3554 1005 3616 quoque
1027 3551 1100 3617 spe-¹

95 3631 214 3674 ramus
265 3617 378 3700 ltaque
411 3617 484 3680 lieri
514 3629 639 3706 potuit,
669 3638 707 3688 ut
736 3647 881 3696 remotae
925 3641 1097 3702 vetustatis

73 3747 83 3786 ·.
96 3711 270 3796 descriptio
301 3719 372 3780 aevi
392 3720 496 3783 futuri
518 3730 793 3816 quodammodo
784 3757 888 3820 tmago
910 3739 1097 3823 haberetur,

97 3817 208 3883 doctus
230 3839 328 3906 poeta
349 3841 438 3891 vates
461 3833 586 3897 divinus
620 3837 857 3904 existimaretur
889 3853 922 3906 et
955 3847 1001 3908 sic
1023 3857 1097 3910 cuni

92 3921 249 4003 religione
283 3932 535 4015 coniungeretur
567 3945 684 4022 poesis.
729 3944 835 4040 Quam
866 3957 957 4010 arcto
986 3955 1095 4012 autem'

70 4027 225 4092 -vinculo
255 4058 414 4124 quamque
450 4047 547 4108 variis
581 4048 717 4114 neribus
740 4054 947 4140 antiquorum
974 4062 1094 4144 poesis,

793 4163 823 4218 1*
