2626 4768
653 407 898 478 —112—.

265 558 451 643 devastatae
481 591 573 658 sunt,
601 579 660 642 sed
687 578 833 643 Achilles
864 589 899 640 et
925 577 1007 640 Aiax
1039 579 1199 660 primurn
1237 580 1296 642 ille

264 682 362 747 urbes
385 685 579 764 nominatas,
613 685 666 746 hic
692 683 932 747 Chersonesum
963 691 999 745 et
1019 681 1212 765 Phrygiam
1237 683 1296 744 de·

264 783 412 867 praedati
431 795 525 864 sunt,
547 806 566 848 e
587 807 653 870 quo
673 787 792 848 itinere
814 804 887 845 eum
908 781 1025 846 eodem
1047 791 1217 866 tempore
1242 808 1294 847 re

266 884 416 962 dissent,
447 885 602 968 praedam
628 888 662 948 in
683 885 790 949 medio
819 885 961 950 omnium
989 888 1131 967 positam
1154 882 1293 946 delecti

266 986 306 1047 ad
327 987 362 1048 id
382 986 504 1050 indices
525 989 647 1052 Nestor
675 1001 710 1052 et
730 988 939 1070 Idomeneus,
967 988 1147 1052 Diomedes
1181 1001 1292 1073 atque

265 1090 396 1172 Ulysses
431 1091 622 1158 diviserunt.
662 1095 898 1177 Agamemnoni
918 1096 1097 1178 Astynome
1120 1097 1289 1180 Chryseis

267 1203 323 1255 ant
344 1195 428 1257 dono
450 1193 523 1257 data
545 1206 612 1274 est,
646 1208 702 1261 aut
721 1207 760 1260 nt
780 1203 918 1261 Tnetzes
939 1198 1060 1262 Anteh.
1080 1199 1145 1268 345
1168 1200 1287 1276 tradit

267 1311 357 1360 sorte
372 1298 506 1383 obtigit3
518 1299 639 1363 Achilli
650 1301 772 1364 Briseis
784 1303 1010 1386 Hippodamia,
1024 1312 1165 1386 praeter
1181 1325 1284 1387 quan

178 1482 181 1490 Ι
267 1402 480 1466 Diomedeam
503 1425 635 1491 quoque
657 1405 801 1486 retinuit,
823 1409 867 1471 cf.
889 1409 926 1473 Il.
947 1431 979 1483 u,
1003 1406 1077 1487 1623
1100 1405 1228 1474 Sohol.
1250 1409 1283 1468 ad

269 1504 307 1565 il.
328 1527 360 1584 a,
388 1503 468 1588 3663
486 1507 593 1568 Aiaci
618 1511 801 1570 Termesso.
822 1541 863 1554 -
885 1511 1020 1572 Ioannes
1047 1510 1123 1572 Mal.
1162 1532 1200 1594 p.
1231 1511 1281 1572 12⁶

269 1629 341 1692 sqq.
382 1605 634 1691 Hippodamiam
663 1607 703 1670 ah
724 1607 852 1672 Achille
879 1612 963 1672 clam
983 1622 1152 1672 retentam
1175 1632 1278 1696 neque

269 1715 304 1776 in
322 1709 443 1793 praeda
464 1710 625 1794 prolatam
647 1729 720 1772 esse
742 1710 835 1791 dioit,
870 1710 959 1797 quod
979 1731 1054 1774 cum
1074 1713 1277 1778 animadver-

271 1795 392 1879 tissent'
408 1815 535 1894 Graeci,
556 1814 694 1876 similem
715 1813 863 1877 fraudem
884 1825 1118 1899 praecaventes
1140 1819 1231 1880 alios
1244 1816 1276 1877 ad

271 1915 413 1999 reliquas
434 1914 531 1976 urbes
554 1914 781 1998 expugnandas
802 1916 976 1979 miserunt:
1006 1920 1139 1978 'I'euoer
1171 1918 1273 2001 itaque

273 2032 307 2084 et
329 2021 522 2084 idomeneus
536 2020 678 2105 Cyprum
693 2021 846 2083 Isauriam
867 2031 901 2082 et
919 2021 1060 2104 Lyciam,
1080 2023 1170 2082 Aiax
1186 2020 1269 2085 Cher·
1298 2047 1299 2090 ;

273 2148 424 2190 sonesum
460 2139 493 2190 et
518 2129 692 2211 Phrygiam
722 2125 910 2212 depraedati
944 2132 1089 2186 sunt-
1113 2123 1260 2218 Quae&

270 2221 446 2295 'Tecmessa
472 2230 559 2314 apnel
594 2231 733 2312 tragicos
759 2236 873 2311 poetas
903 2227 1054 2288 dicuntur
1085 2237 1171 2286 nota
1200 2237 1270 2300 sunt,

272 2335 358 2398 lilius
390 2334 466 2398 inde
490 2321 585 2397 natus
612 2335 829 2426 Eurysacen„
845 2331 947 2414 Sopb.
973 2330 1025 2392 Ai.
1047 2351 1088 2406 v,
1121 2327 1185 2400 541
1207 2351 1271 2412 sqq.

273 2440 413 2502 alterum
434 2437 626 2501 Aeantidem
645 2436 761 2519 Dictys
782 2437 824 2513 V,
848 2434 902 2514 16,
933 2435 1069 2497 tertium
1088 2434 1269 2494 Bananrom

272 2541 416 2604 nominat
436 2538 550 2622 steph.
571 2539 650 2621 Bya.
671 2558 696 2599 s.
717 2557 750 2601 r.
791 2538 840 2598 Ita
860 2553 993 2622 quoque
1013 2534 1160 2612 fuerunt,
1183 2536 1269 2618 quie

275 2639 449 2723 Chryseide
483 2637 681 2720 Iphigeniam
712 2636 946 2719 Agamemnoni
976 2644 1084 2695 uatem
1117 2632 1267 2706 dicerent,
1299 2657 1300 2694 z

274 2747 317 2810 cf.
339 2765 422 2830 quae
441 2763 539 2826 snpra
560 2742 749 2804 dicebantur
770 2759 843 2825 pag,
864 2739 914 2826 95,
936 2751 991 2800 ant
1005 2737 1108 2800 lilium
1121 2735 1261 2816 Chrysen,
1299 2699 1300 2782 l

275 2843 557 2930 es.Hyg.f.106.
601 2848 654 2908 Dc
674 2845 860 2927 Polydoro,
900 2865 997 2927 quem
1029 2843 1266 2924 e-Chorscneso

274 2953 356 3016 Aiax
377 2949 546 3012 adduxisse
578 2948 712 3029 dicitur,
742 2948 818 3012 vids
844 2965 927 3033 quae
954 2966 1053 3028 supra
1073 2963 1146 3028 pag.
1167 2941 1209 3016 44
1229 2951 1270 3006 at

276 3055 418 3118 tulimus.

221 3205 226 3211 -
357 3157 520 3222 Achillem
550 3175 679 3220 omnem
701 3152 854 3239 praedam
882 3153 1112 3237 Agamemnoni
1137 3151 1269 3232 dedisse,

279 3265 335 3347 qui
357 3264 396 3326 de
419 3285 580 3347 capanea
602 3272 727 3326 tantum
747 3283 808 3344 per
828 3274 955 3327 ceteros
976 3260 1150 3340 divisisset,
1175 3263 1270 3324 tradi·

277 3377 332 3426 tur
353 3363 459 3428 Iliadis
482 3389 503 3444 ι,
523 3383 621 3429 uersu
640 3364 704 3427 330
725 3382 797 3446 sqq.
