2626 4768
641 365 935 480 -roo--¹

213 661 218 670 ἱ
332 588 454 650 Contra
487 583 572 648 hunc
594 584 776 668 Telephum
808 585 908 667 igitur
942 583 1060 648 Graeci
1093 575 1269 667 pugnave-

250 697 341 767 runt,
372 685 461 772 quod
482 686 604 750 bellum
622 696 778 746 accurate
801 705 880 766 prae
902 690 1020 748 ceteris
1049 695 1162 746 narrat
1183 687 1268 747 Phi-

252 794 408 856 lostratus
430 793 451 854 l.
467 792 501 870 l.,
523 803 556 852 et
578 788 711 874 quidem
733 787 772 848 ab
792 786 887 854 initio
908 789 1016 850 statim
1037 787 1071 850 id
1088 791 1270 852 consilium

252 897 377 980 cepisse
409 897 580 976 Graecos3
604 903 637 953 ct
657 892 841 975 Telephum
862 913 935 956 cum
969 916 987 956 a
1015 897 1116 960 fratre
1138 899 1272 981 Tlepo·

252 1001 340 1064 lemo
362 999 514 1062 Herculis
536 997 606 1061 filio
628 995 696 1058 eius
717 998 768 1059 rei
789 998 911 1061 certior
932 998 1036 1062 factus
1049 1010 1156 1071 esset3
1181 1005 1272 1062 mul·

252 1114 359 1166 tarum
381 1103 526 1186 gentium
547 1101 664 1162 auxilia
687 1099 762 1162 inde
785 1120 803 1162 e
824 1099 954 1182 Scythia
976 1116 1009 1164 et
1031 1102 1071 1164 ab
1093 1104 1181 1165 Istro
1205 1103 1273 1164 ssu-

253 1205 339 1270 mine
361 1227 464 1290 usque
485 1204 701 1282 contraxisse,
730 1204 843 1288 sicque
866 1205 999 1270 Graecis
1022 1227 1096 1270 cum
1117 1211 1273 1291 appulis-

252 1327 326 1376 sent
348 1312 476 1376 obviam
507 1311 616 1392 copias
649 1309 807 1372 eduxisse.
849 1314 886 1374 ln
916 1311 955 1376 iis
989 1325 1096 1404 autem
1123 1328 1272 1398 praeter

254 1414 437 1498 Telephum
467 1411 673 1476 excellebant
701 1414 823 1472 Aemus
852 1413 964 1474 Martis
998 1413 1082 1476 filius
1127 1426 1162 1477 et
1193 1418 1273 1478 lstri

252 1517 343 1581 lluvii
371 1517 430 1579 filii
450 1517 593 1580 Helorus
624 1528 657 1580 et
678 1519 837 1586 Actaeus3
872 1515 932 1577 hos
953 1515 1085 1600 quidem
1106 1515 1268 1593 Aiax‚·il-

190 1625 209 1654 ‘
252 1622 320 1682 lum
340 1621 529 1684 Palamedes
551 1641 625 1683 cum
651 1619 811 1682 Diomede
833 1628 868 1680 et
888 1619 1045 1680 Sthenelo
1074 1619 1265 1698 interfecit;

210 1719 214 1728 ¹
254 1724 403 1807 Telepho
424 1734 550 1786 scutum
572 1722 714 1785 detraxit
734 1721 952 1800 Protesilaus,
986 1742 1083 1806 quem
1117 1730 1202 1784 tunc
1225 1706 1264 1784 ab

254 1824 386 1887 Achille
409 1825 616 1887 vulneratum
637 1824 755 1886 sociie
786 1823 884 1885 caede
914 1823 1131 1888 abstulerunt.
1175 1824 1268 1920 Quin

254 1925 337 1988 adeo
358 1924 514 1986 mulieres
538 1926 629 2011 equis
662 1933 779 1990 vectae
812 1924 895 1987 duce
916 1927 1018 1988 Hiera
1044 1927 1157 2008 regina
1189 1949 1267 1991 con·

253 2024 368 2109 ssigere
402 2048 497 2088 ausae
526 2036 601 2088 sunt
627 2045 701 2088 cum
734 2026 883 2106 Graecis,
919 2047 1057 2110 quarum
1091 2027 1268 2108 plurimae,

253 2139 428 2214 postquam
450 2133 567 2192 Nireus
595 2131 740 2213 reginam
768 2131 997 2210 interfecerat,
1031 2131 1065 2190 in
1091 2131 1268 2212 paludibus

153 2275 159 2288 .
255 2234 323 2295 cius
355 2233 498 2316 regionis
528 2234 710 2315 perierunt.
751 2236 842 2296 Haec
873 2234 1004 2317 quidem
1033 2232 1265 2312 Philostratus,

257 2337 313 2418 'qui
334 2337 476 2398 earmina
497 2345 615 2418 poetae
636 2335 772 2398 alicuius
795 2334 835 2396 de
856 2334 1002 2416 Mysiacis
1024 2335 1139 2414 rebus,
1171 2337 1257 2418 quod

257 2437 418 2520 exipsius
439 2436 549 2500 verbis
579 2455 737 2518 apparere
758 2435 911 2515 videtur,
942 2437 976 2498 in
1009 2457 1048 2498 ea
1076 2437 1258 2498 narratione

257 2550 386 2602 secutus
409 2548 469 2619 est,
491 2538 533 2602 cf.
555 2538 642 2600 idem
663 2540 696 2602 in
717 2539 774 2601 vit.
792 2539 904 2621 Apoll.
918 2537 1038 2621 Thyan.
1052 2541 1109 2616 IV,
1135 2542 1171 2601 18
1191 2557 1263 2620 pag.

255 2643 326 2712 318·
368 2645 406 2704 ln
426 2663 465 2704 eo
488 2661 599 2704 omnes
621 2642 837 2723 consentiunt,
860 2641 1044 2725 Telephum
1054 2641 1265 2704 vulneratum

256 2768 327 2810 esse
350 2747 389 2809 ab
410 2745 549 2826 Achille,
571 2746 630 2808 sed
651 2745 705 2807 alii
726 2747 821 2809 aliter
842 2755 994 2828 narrant3
1017 2767 1091 2808 cum
1111 2746 1263 2824 Ulyssem

258 2849 421 2912 obstinate
442 2849 529 2911 inter
549 2850 659 2912 vineas
680 2859 954 2934 persequeretur,
988 2851 1110 2914 factum
1130 2849 1166 2910 id
1190 2851 1270 2913 dicit

189 3008 193 3016 ,
256 2953 369 3033 Dictys
398 2953 445 3030 ll,
475 2951 514 3033 33
542 2951 673 3013 Pindar.
702 2951 811 3016 lsthm.
832 2954 872 3029 V,
894 2952 952 3030 51;
982 2974 1078 3036 quam
1099 2954 1270 3038 antiquam

259 3060 453 3143 Cypriorum
477 3056 653 3118 carminum
675 3057 894 3118 narrationem
915 3056 1014 3118 fuisse
1035 3056 1195 3128 arbitron
1229 3060 1271 3122 cf.

258 3165 368 3228 Schol.
391 3164 526 3228 adeum
557 3165 662 3226 locum
694 3172 729 3224 et
749 3163 790 3224 ad
809 3184 843 3228 v.
873 3183 929 3224 uo
960 3178 1030 3247 σιμ
1064 3163 1179 3254 Quint.
1203 3167 1271 3226 Sm.

258 3273 314 3351 lv,
339 3271 413 3350 1523
449 3268 542 3332 Ovid.
570 3271 648 3331 Met.
672 3268 759 3341 Xlll,
782 3287 858 3350 ¹7¹3
891 3268 1003 3331 Tzetz.
1035 3268 1075 3329 ad
1095 3269 1174 3349 Lye.
1199 3269 1272 3348 206,

259 3393 337 3453 2113
367 3371 457 3435 Suid.
479 3373 506 3451 l,
524 3372 564 3452 l.3
592 3370 651 3432 sed
672 3369 853 3432 Scholiasta
879 3369 987 3434 Iliadis
1010 3369 1050 3432 ad
1071 3393 1101 3445 α,
1122 3373 1163 3457 59
1186 3394 1272 3455 prae

260 3478 377 3538 timore
399 3474 534 3536 Achillis
557 3473 735 3556 lugientem
757 3473 940 3556 Telephum
972 3473 1040 3537 rite
1070 3475 1271 3557 impeditum

260 3579 386 3662 lapsum
413 3589 447 3638 et
475 3577 680 3640 vulneratum
711 3574 804 3655 dicit,
838 3575 926 3660 quod
954 3574 1084 3638 minime
1114 3581 1274 3660 congruit

262 3703 334 3743 cum
355 3679 503 3742 laudibus
534 3678 651 3764 quibus
675 3679 777 3741 ceteri
795 3687 920 3761 poetae.
935 3680 1092 3744 virtutem
1108 3679 1192 3742 eius
1215 3701 1272 3742 ce-

260 3783 407 3862 lebrant3
445 3780 587 3843 occisum
619 3780 659 3842 ab
694 3802 735 3843 eo
764 3769 1005 3844 Thersandrum
1039 3790 1116 3866 post
1147 3784 1272 3866 Cypria

263 3885 403 3947 carmina
423 3891 583 3946 memorat
602 3883 714 3965 Dictys
735 3883 758 3944 l.
771 3885 813 3962 l.;
836 3883 878 3946 cf.
899 3884 991 3949 Pind.
1013 3883 1067 3950 Ol.
1089 3886 1129 3965 ll,
1150 3884 1213 3967 763
1235 3896 1272 3947 et

262 3983 374 4047 'Schol
393 3985 434 4070 ad
453 3981 484 4049 h.
495 3985 517 4044 1.
541 3985 876 4068 attemptaturus
900 3987 949 4050 Ol.
971 3990 1027 4068 tx,
1052 3989 1108 4050 rod
1131 3990 1270 4052 Graecis

265 4088 305 4152 ad
326 4111 424 4154 naves
452 4111 469 4150 a
501 4083 649 4170 Telepho
672 4090 846 4176 compulsis
872 4089 978 4150 solum
999 4089 1160 4152 Achillem
1189 4109 1267 4152 curn
