2722 4776
688 412 893 482 ..13-

368 586 460 648 Haec
486 585 584 668 igitur
612 594 688 647 sunt
714 583 912 668 scriptorum
939 565 1075 668 genera,
1110 586 1167 670 qui
1191 587 1302 649 variis

287 689 489 771 temporibus
511 696 749 768 successerunt,
763 707 781 749 e
795 687 910 771 quibus
921 688 1064 750 rationes
1078 687 1149 750 illas
1163 689 1302 751 desumi

285 803 381 882 posse
402 789 519 868 oredo,
549 787 665 873 quibus
698 788 900 852 narrationes
932 790 1137 874 antiquarum
1164 791 1302 853 fabula·

284 922 358 961 rum
380 891 634 982 distinguantur:
659 897 747 983 quod
767 911 876 961 tamen
904 899 949 960 ite
970 898 1046 961 fieri
1067 921 1133 962 non
1153 904 1304 983 poterit,

169 1037 177 1056 κ
284 1017 323 1069 ut
343 1006 433 1088 leges
456 1013 561 1066 certas
582 1005 674 1089 quasi
695 1001 849 1082 definias,
881 1003 997 1089 quibus
1021 1003 1123 1065 omnis
1145 1005 1301 1067 varietas

286 1107 507 1171 narrationum
519 1103 656 1166 iudicari
668 1104 787 1186 poseit3
809 1103 868 1166 sed
889 1115 926 1165 ut
946 1103 1006 1166 hao
1021 1104 1146 1166 ratione
1161 1103 1304 1184 digesto

172 1211 173 1218 '
285 1210 469 1272 fabularum
488 1209 580 1271 vario
615 1209 747 1286 ordine,
776 1207 803 1268 si
825 1229 842 1268 a
862 1219 896 1269 te
917 1207 990 1288 ipso
1012 1207 1212 1290 comparatio
1238 1231 1304 1270 re-

284 1331 358 1370 rum
387 1309 474 1370 facta
504 1309 621 1388 fuerit,
656 1307 734 1394 quid
761 1309 890 1371 omnino
911 1307 987 1369 inde
1009 1305 1173 1370 efficiatur
1194 1308 1302 1392 quid·

286 1412 483 1497 que'colligi
503 1414 627 1495 possit,
659 1413 830 1496 intelligas.
873 1413 967 1508 Quae
999 1424 1109 1474 tamen
1140 1433 1194 1474 res
1216 1423 1301 1476 tum

287 1517 417 1579 demum
436 1517 562 1580 utiliter
584 1527 617 1578 et
648 1517 818 1579 fructuose
852 1513 924 1578 fieri
957 1517 1100 1598 poterit,
1131 1517 1157 1576 si
1184 1517 1300 1578 verba

197 1619 200 1624 ’
225 1605 231 1613 ’
287 1631 456 1680 auctorum
485 1617 633 1680 adhibitis
666 1613 841 1680 codicibus
862 1617 973 1680 critica
995 1638 1097 1703 opera
1119 1616 1299 1679 emendata

288 1727 321 1779 et
340 1718 475 1780 historia
496 1739 634 1800 poeseos
662 1719 774 1802 opicae
803 1719 964 1801 descripta
994 1719 1066 1781 erit.
1107 1718 1160 1780 Ad
1188 1738 1299 1800 quem

288 1831 473 1904 susceptum
494 1820 657 1899 laborem,
693 1821 720 1882 si
749 1820 905 1902 probatus
940 1817 1042 1881 fuerit
1071 1819 1148 1882 viris
1171 1818 1298 1900 doctis,

287 1923 411 1984 utinam
430 1924 518 1989 vires
540 1921 618 1986 mihi
640 1932 674 1998 et
695 1922 798 1986 otium
818 1932 993 2006 suppetant
1013 1932 1047 1984 et
1066 1933 1262 2004 augeantur.
