2722 4776
694 423 896 491 „34-

287 602 448 672 vaserunt,
465 592 568 657 boves
594 604 733 676 paverat
755 595 936 678 Percopae,
955 608 1026 658 tum
1040 606 1149 660 autem
1162 599 1302 664 Troiam

285 713 439 759 reversus
461 711 607 778 pugnam
630 694 857 758 abAntilocho
880 694 1086 775 interficitur,
1116 698 1152 762 ΙΙ.
1173 721 1200 772 o,
1223 699 1304 780 576.

348 794 618 878 Thymoetes3
640 798 910 881 Η222.62211211.
928 799 1086 864 11122112
1109 822 1148 864 22
1172 821 1212 862 ex
1228 803 1306 863 Eu-

285 895 446 981 phorione
470 910 583 959 narrat
603 897 696 958 Serv.
720 894 760 956 ad
780 897 863 958 Aen.
886 897 925 975 ΙΙ,
946 900 998 978 32,
1019 897 1122 961 filium
1143 921 1304 975 uxorem·

285 1020 350 1084 que
367 998 435 1062 eius
450 1021 467 1060 2
483 998 614 1060 Priamo
626 997 751 1058 occisos
764 1016 844 1076 2222,
858 997 1010 1084 quoniam
1021 1001 1168 1062 Helenus
1181 1003 1305 1064 vatici·

285 1110 379 1162 natus
394 1108 489 1178 esset,
507 1099 559 1162 die
573 1108 663 1174 certa
676 1118 815 1182 puerum
825 1101 995 1181 natumiri,
1011 1122 1180 1187 perquem
1193 1106 1303 1167 Troia

283 1214 397 1288 posset
418 1205 535 1283 everti,
556 1215 756 1288 pepererant
786 1213 894 1264 autem
920 1225 983 1264 uua
1014 1205 1066 1266 die
1088 1205 1225 1267 Hecuba
1262 1221 1303 1272 et

285 1305 485 1388 Thymoetae
520 1325 615 1381 uxor,
648 1301 689 1368 cf.
711 1306 825 1366 Tzetz.
860 1301 900 1363 ad
927 1303 1005 1384 Lyc.
1033 1303 1103 1381 224,
1131 1305 1202 1384 324,
1237 1309 1300 1392 qni

286 1409 452 1486 Cillam,
479 1408 635 1470 Hecubae
658 1427 823 1486 sororem,
857 1406 1058 1488 Thymoetes
1080 1427 1216 1468 uxorem
1239 1432 1299 1473 no-

218 1533 223 1552 *
283 1510 399 1591 minat3
423 1529 460 1570 22
482 1509 565 1572 clam
586 1507 688 1592 [ilium
699 1509 859 1570 Munitum
880 1507 1030 1590 genuisse
1043 1506 1171 1586 dicitur,
1193 1531 1297 1593 quem

283 1631 442 1674 unacum
462 1625 577 1689 matre,
608 1619 647 1672 ut
667 1611 707 1672 ab
730 1611 894 1673 Aesaco
915 1609 1120 1696 praedictum
1147 1610 1298 1674 infortu-

282 1720 372 1784 nium
393 1719 528 1800 vitaret,
556 1720 704 1780 Priamus
737 1717 906 1781 occiderit.
947 1717 1128 1800 singularia
1159 1716 1292 1780 omnino

283 1821 382 1884 affert
413 1821 579 1884 Diodorus
613 1822 668 1899 111,
696 1821 746 1884 66.
766 1843 802 1906 p.
826 1823 896 1904 237,
939 1820 1151 1906 Thymoetam
1185 1823 1233 1903 (v.
1256 1827 1294 1886 L.

282 1925 495 2008 Thymetum)
526 1923 630 1986 filium
661 1922 757 1985 huius
793 1923 993 2006 Thymoetes
1027 1924 1151 2010 Orphei
1185 1935 1294 1988 aetate
1349 1923 1350 1942 ¹

280 2030 398 2092 vixisse
419 2029 604 2112 multasque
638 2034 743 2088 terras
764 2027 976 2110 peragrando·
1001 2048 1076 2089 eum
1102 2029 1141 2092 ad
1169 2030 1294 2114 Libyae

280 2127 360 2194 fines
383 2129 589 2197 occidentem
609 2150 724 2194 versus
748 2129 843 2192 etad
866 2151 1023 2194 oceanum
1037 2133 1209 2198 accessisse
1217 2159 1228 2216 ;
1252 2137 1295 2199 ad

279 2239 397 2320 Nysam
419 2257 570 2322 quoque,
598 2235 656 2297 uhi
675 2233 823 2296 Bacchus
853 2235 994 2298 nutritus
1029 2250 1131 2318 esset,
1152 2239 1293 2320 venisse,

281 2352 412 2403 etcum
441 2339 487 2401 161
509 2339 548 2402 26
580 2340 697 2402 incolis
730 2339 798 2401 eius
825 2339 966 2422 regionis
995 2338 1036 2402 de
1069 2341 1199 2426 singulis
1231 2339 1286 2401 dei

241 2503 245 2508 .
280 2442 378 2505 rebus
401 2441 501 2524 gestis
524 2439 659 2502 edoctus
681 2452 778 2516 esset,
799 2439 932 2524 poesin,
960 2460 1043 2523 quae
1064 2439 1199 2524 Phrygia
1227 2461 1288 2502 uo·

262 2547 468 2625 minaretur,
488 2543 683 2608 condidisse.
704 2545 755 2606 De
768 2541 816 2603 his
837 2563 920 2627 quae
949 2543 1087 2606 doceret
1104 2568 1169 2609 nou
1187 2541 1288 2607 habs·

275 2652 594 2734 hathsselingius,
616 2671 723 2736 neque
745 2669 807 2732 ego
830 2649 898 2711 eius
919 2651 969 2713 rei
991 2652 1067 2714 alibi
1088 2653 1285 2715 mentionem

236 2809 246 2834 ,
277 2758 349 2820 11221
378 2755 526 2837 memini,
554 2764 593 2815 ut
622 2761 731 2814 autem
752 2752 923 2814 Dardanus
945 2755 1194 2818 Samothracum
1221 2776 1284 2838 my·

277 2863 376 2924 steria
397 2873 431 2922 et
450 2859 640 2942 religiones,
660 2859 706 2919 ita
726 2858 779 2921 hic
801 2847 996 2941 Thymoetes
1017 2858 1139 2923 Bacchi
1159 2861 1286 2922 cultum

276 2981 473 3049 propagasse
513 2961 630 3022 fertur.
681 2957 851 3021 Eiusmodi
887 2960 1087 3022 narrationes
1126 2960 1287 3023 seriorem

277 3069 435 3151 originem
456 3064 532 3126 satis
553 3063 718 3146 produnt,
748 3063 920 3124 nonenim
949 3064 1120 3128 latuissent
1153 3063 1290 3128 abscon·

204 3225 215 3239 ,
245 3219 247 3228 .
276 3171 376 3248 ditae,
412 3186 516 3252 usque
553 3166 628 3226 dum
665 3163 959 3226 Alexandrinorum
1001 3167 1288 3250 grammaticorum

276 3272 406 3333 occulta
438 3276 474 3330 et
506 3267 630 3331 minuta
662 3264 849 3327 rimantium
883 3263 988 3326 studia
1026 3285 1078 3328 eas
1111 3268 1146 3328 in
1177 3268 1289 3330 lucem

235 3447 237 3452 Ι
273 3369 475 3456 proferrent.
892 3394 897 3412 ·

354 3471 579 3549 Bucolica,
619 3488 717 3554 quem
753 3467 976 3550 Apollodorus
1007 3469 1030 3531 1.
1059 3469 1081 3536 l.
1112 3492 1131 3534 e
1167 3469 1290 3556 Calybe

274 3572 413 3661 nympha
434 3582 544 3634 natum
580 3590 651 3658 esse
673 3568 770 3651 dicit3
802 3590 869 3631 nou
900 3567 991 3631 addit
1023 3573 1135 3635 matris
1164 3595 1291 3638 nomen

273 3675 362 3738 Dict.
385 3674 474 3734 Cret.
497 3673 517 3732 Ι.
540 3671 562 3731 l.
585 3669 675 3732 Duos
707 3668 774 3730 eius
802 3665 908 3749 filios,
930 3691 1020 3756 ¹quos
1054 3673 1116 3756 ipsi
1143 3675 1291 3759 nympha

188 3805 191 3810 ¹
273 3775 462 3838 Abarbarca
494 3782 662 3855 genuerat,
692 3772 858 3855 Aesopum
888 3781 922 3834 et
946 3771 1110 3836 Pedasum
1137 3778 1292 3842 nominat

272 3881 435 3939 Homerus
458 3876 497 3954 11,
521 3873 548 3950 ζ,
570 3893 605 3934 22
630 3894 702 3958 sqq.
1126 3889 1127 3894 ¹

352 3982 508 4042 Filiarum
529 3978 659 4039 nomina
680 3989 755 4041 suut
776 3979 971 4059 Hesiona,
1019 4003 1102 4068 quae
1131 3985 1195 4048 alio
1223 4008 1288 4050 no-

271 4084 357 4146 mine
379 4080 539 4144 Γ16222122
560 4077 738 4161 dicebatur,
761 4083 873 4141 Tuetz.
895 4079 934 4146 ad
954 4082 1031 4164 Lyc.
1051 4082 1128 4170 469,
1157 4086 1287 4166 Cilla,
