2750 4774
654 401 855 468 ..42-

252 577 370 642 Vatem
391 587 500 638 autem
520 574 725 658 praeclarum
747 585 782 638 et
803 572 945 658 auguriis
958 583 1180 658 praestantem
1191 579 1267 638 He·r
1370 585 1371 634 l

216 686 220 696 ‘
250 678 362 739 lenum
383 670 461 739 dicit
480 679 644 740 Homerus
677 679 714 740 ll.
738 677 765 756 ζ,
786 677 837 762 76,
870 677 945 740 hinc
972 679 1257 762 sapientemeum
1284 697 1292 704 ’

196 819 202 838 ,
250 779 422 840 Pausanias
452 783 493 860 V,
516 800 572 860 aa,
594 781 613 844 3
635 782 797 865 appellat3
831 785 966 846 l'ortiter
994 787 1090 848 etiam
1122 798 1257 870 pugnat,

251 883 293 942 of,
312 882 351 942 ll.
372 903 400 956 ν,
422 881 481 960 576
501 903 574 965 sqq.
595 883 795 946 Scamandrii
812 906 944 970 quoqne
966 885 996 950 ei
1016 907 1134 949 nomen
1155 891 1255 952 fnisse

140 989 143 995 '
246 983 341 1044 Eust.
364 982 404 1044 ad
426 984 463 1044 ll.
485 1008 516 1065 η,
538 988 579 1053 44
600 984 709 1048 tradit.
737 985 804 1047 Alii
817 996 925 1051 tamen
939 974 1117 1070 scriptores
1131 1003 1260 1053 utrum·

224 1106 314 1167 ,que
341 1086 537 1148 vaticinandi
566 1101 637 1150 arte
669 1089 827 1172 insignem
857 1093 956 1154 fuisse
987 1092 1136 1173 tradunt,
1164 1095 1255 1158 onius

247 1187 298 1253 rei
319 1206 446 1248 eausam
474 1187 557 1250 hanc
585 1205 735 1254 narrants
766 1189 904 1256 infantes
928 1195 1106 1280 Cassandra
1134 1207 1167 1260 et
1187 1201 1254 1259 He·

247 1291 341 1352 lenus
362 1289 440 1352 ludo
464 1290 584 1354 defessi
605 1293 658 1356 die
681 1295 922 1378 quadam'festa
950 1299 984 1360 in
1005 1301 1129 1384 templo
1150 1301 1250 1382 Apol·

247 1385 320 1454 linis
355 1380 549 1474 Thymbraei
590 1395 885 1480 obdormiverant,
916 1421 1056 1485 cumque
1094 1403 1251 1487 postridie

246 1508 503 1582 quaererentur,
525 1498 682 1564 visisunt
703 1501 881 1585 intemplo
905 1525 998 1566 aures
1026 1505 1124 1566 lambi
1144 1525 1162 1566 a
1184 1525 1251 1577 ser-

244 1599 406 1681 pentibus,
429 1603 485 1686 qui
507 1601 638 1686 quidem
660 1605 876 1686 spectantium
891 1606 999 1670 subito
1022 1608 1163 1669 clamore
1184 1617 1250 1668 ter·

126 1697 128 1705 ’
242 1703 298 1765 riti
320 1704 606 1788 aufugerunt,sed
628 1705 742 1768 exinde
764 1709 902 1770 infantes
925 1719 1029 1770 artem
1056 1709 1250 1774 vaticinandi

241 1803 444 1891 lrabuerunt3
474 1805 520 1867 sie
548 1819 660 1868 narrat
680 1807 861 1872 Anticlides
897 1810 988 1892 apud
1003 1809 1111 1875 Schol.
1140 1811 1181 1870 ad
1211 1812 1249 1874 Il.

242 1930 274 1988 η,
296 1907 318 1967 l.
340 1907 361 1970 l.
382 1907 424 1970 of.
448 1907 557 1974 Schol.
577 1911 658 1972 Eur.
680 1909 806 1975 Hecub.
827 1911 876 1973 83.
907 1911 1009 1972 Paulo
1039 1911 1135 1970 aliter
1166 1912 1249 1970 'Pae-

164 2091 167 2097 '
241 2021 309 2074 taes
332 2013 415 2096 (arg.
437 2017 471 2076 in
491 2016 568 2097 Lyc.
590 2033 665 2097 pag.
685 2013 746 2098 267
769 2014 819 2080 ed.
832 2012 938 2094 Milli.)
963 2033 1034 2074 rem
1055 1995 1169 2088 refert,
1193 2031 1268 2074 eosv
1295 2077 1298 2080 ,

240 2115 353 2179 solitos
377 2135 448 2176 esse
469 2117 502 2177 in
523 2117 648 2198 templo
670 2114 831 2200 relinqui,
861 2117 935 2198 quia
957 2133 997 2176 ex
1024 2113 1149 2184 indiciis
1179 2113 1250 2196 qui·
1366 2095 1371 2118 ⁴

240 2216 375 2278 busdam
396 2229 550 2300 parentes
571 2219 816 2304 cognovissent,
839 2217 950 2300 quales
980 2215 1097 2276 deinde
1126 2214 1248 2292 forent,

239 2335 273 2386 et
293 2324 484 2407 Apollinem
506 2328 640 2389 oraculo
662 2325 696 2386 id
718 2315 862 2386 edixisse.
907 2320 1104 2382 Cassandrae
1135 2339 1241 2382 amore

238 2438 354 2507 postea
383 2450 557 2515 percussus
586 2431 728 2515 Apollo,
757 2449 832 2492 oum
861 2427 917 2488 illa
942 2427 1072 2512 *copiam
1101 2425 1152 2488 sui
1180 2445 1245 2486 non

240 2535 380 2613 faceret,
409 2535 506 2596 tidem
539 2537 618 2618 ipsi,
654 2534 799 2620 quamvis
831 2554 910 2596 vera
938 2532 1083 2612 diceret,
1117 2530 1246 2609 ademit,

238 2639 321 2718 Hyg.
336 2639 388 2722 983
410 2645 445 2698 et
456 2636 594 2698 insanire
610 2629 794 2716 eam'dixit,
816 2639 929 2697 Tasta.
951 2637 973 2696 1.
995 2636 1018 2698 l.
1041 2643 1075 2696 et
1097 2633 1136 2696 acl
1159 2653 1246 2716 vers.

237 2739 309 2817 353,
335 2739 429 2821 14373
452 2737 496 2802 cf.
519 2739 611 2800 Serv.
634 2735 675 2798 ad
695 2737 777 2799 Aen.
799 2739 840 2812 ll,
863 2741 932 2818 247,
967 2737 1023 2818 qui
1044 2735 1244 2816 Apollinem,

100 2857 123 2882 ·-
237 2861 311 2902 cum
334 2842 480 2902 osculum
502 2840 620 2902 saltem
638 2849 677 2900 ut
696 2839 756 2900 sibi
794 2839 888 2900 daret
911 2837 1105 2915 Cassandra,
1132 2857 1244 2900 exora·

235 2942 346 3022 visset,
368 2944 401 3004 in
423 2963 458 3002 os
480 2939 612 3022 virginis
634 2940 793 3022 inspuisse
815 2953 852 3013 ut
873 2937 972 3002 fidem
1000 2939 1062 3022 ipsi
1083 2939 1241 3018 adimeret

224 3044 343 3109 tradit.
385 3045 450 3106 Res
473 3061 604 3127 quoque
625 3043 670 3103 ita
690 3050 859 3120 narratur,
882 3041 1092 3103 Cassandram
1114 3041 1241 3124 nuptias
1292 3119 1306 3135 ,Δ
1370 3077 1371 3114 t

235 3151 382 3233 Apollini
402 3149 582 3235 pollicitam
610 3168 702 3228 esse,
725 3156 762 3210 ut
790 3147 968 3231 promissae
998 3149 1075 3208 artis
1106 3167 1241 3231 compos

236 3259 351 3339 lieret,
373 3271 487 3342 postea
508 3268 616 3319 tamen
639 3280 712 3320 cum
732 3257 830 3318 fidem
851 3279 918 3320 non
938 3257 1102 3340 impleret,
1123 3258 1243 3318 iratum

235 3362 440 3444 Apollinem,
475 3373 512 3422 nt
540 3383 635 3423 nemo
661 3353 849 3424 vaticinanti
874 3358 1049 3438 crederet,
1079 3359 1241 3424 effecisse.

236 3471 349 3528 Tacta.
371 3485 437 3546 arg.
459 3483 582 3548 p.,n7o.
622 3462 799 3548 Antiquam
827 3461 945 3524 famam
966 3482 1036 3525 esse
1059 3443 1112 3525 de¹
1128 3461 1241 3524 vatici·

235 3571 331 3632 nandi
352 3579 421 3631 arte
444 3570 575 3651 virginis
597 3571 708 3652 Procli
739 3579 965 3651 argumentum
988 3565 1098 3649 Cyprii
1127 3565 1241 3626 carmi·

233 3679 282 3740 nis
306 3677 457 3756 ostendit,
479 3678 511 3738 in
534 3698 600 3760 quo
622 3675 801 3739 Cassandra
821 3689 896 3758 post
919 3675 1092 3738 discessum
1114 3674 1239 3736 Paridis

234 3779 311 3864 quid
334 3791 526 3843 eventurum
549 3788 636 3840 esset
656 3777 855 3863 praedixisse
887 3777 1015 3842 dicitur.
1056 3779 1086 3840 A
1107 3777 1238 3838 Priamo

233 3903 305 3942 eam
334 3891 371 3942 ut
400 3882 608 3944 furibundam
639 3883 795 3944 inclusam
825 3899 895 3942 esse
917 3893 992 3942 sunt
1014 3882 1071 3965 qui
1092 3889 1238 3957 narrent,

230 3983 336 4054 ueluti
355 3985 563 4068 Lycophron.
604 3986 752 4048 Helenus
775 3994 887 4049 contra
910 3984 990 4045 miro
1012 3994 1121 4064 gratus
1136 3983 1238 4065 Apol-
