2722 4776
480 433 601 498 ...99
643 469 680 480 ..-

88 602 169 683 Lyo.
190 601 230 670 34
251 609 375 666 temere
398 603 539 687 scripsit,
560 603 617 690 qui
638 603 678 667 ad
691 627 743 684 rr,
759 605 844 684 sada,
862 607 938 672 1306
957 608 1084 672 veriora

87 701 271 784 diligentius
288 706 464 767 annotavit.
486 705 648 768 Historica
659 705 787 770 fabulae
799 707 892 770 huius
912 710 1083 794 explicatio

10 825 11 830 ¹
84 801 127 864 ab
149 804 287 888 antiquis
309 805 401 866 vario
421 805 517 866 modo
538 807 593 869 vel
621 815 744 870 tentata
775 811 830 872 rel
862 809 979 873 tradita
1014 823 1083 874 est:

10 915 12 952 ί
86 904 318 985 Ganymedem,
339 924 411 966 cum
432 905 472 966 ad
493 908 660 970 oraculum
681 907 795 970 missus
817 908 942 992 fuisset,
964 934 981 974 a
1000 916 1084 974 Tan·

10 1021 13 1054 ῑ
84 1009 153 1070 talo
174 1017 323 1068 necatum
346 1029 415 1072 esse
437 1015 575 1073 Tzetaes
597 1011 637 1072 ad
657 1014 733 1094 Lyc.
755 1013 816 1076 355
836 1026 945 1075 narrat
953 1033 963 1092 3
995 1015 1083 1074 Mna-

10 1126 15 1156 =
83 1131 157 1173 scas
179 1133 229 1194 ap.
250 1111 356 1174 Schol.
395 1111 435 1172 ad
463 1113 500 1172 ll.
521 1135 552 1186 v,
582 1113 623 1174 35
657 1133 730 1174 eum
764 1115 796 1176 in
829 1116 1003 1180 venatione
1042 1114 1082 1176 ab

85 1213 143 1274 illo
171 1223 323 1275 necatum
355 1214 463 1277 tradit.
498 1216 542 1276 cs.
569 1219 682 1278 Tuetu.
709 1215 830 1277 Anteh.
872 1223 943 1296 ¹4¹3
974 1217 1083 1278 loauu.

82 1322 158 1382 Mal.
181 1343 214 1403 p.
237 1323 285 1406 98.
306 1320 391 1382 Hinc
420 1320 508 1380 rixae
530 1328 564 1381 et
584 1319 670 1382 bella
693 1320 774 1381 Ilum
804 1320 890 1382 inter
911 1327 945 1380 et
966 1323 1084 1380 'l'anta-

81 1423 152 1482 lum
174 1431 284 1484 exorta
297 1419 469 1498 dicuntur,
491 1440 631 1504 quorum
654 1417 725 1480 linis
746 1417 858 1498 suerit,
878 1427 915 1481 ut
929 1419 986 1481 ille
1000 1422 1084 1480 Tau·

9 1517 11 1524 '
82 1521 185 1582 talum
207 1539 225 1579 e
246 1521 465 1604 Paphlagonia
487 1521 629 1582 eiecerit.
649 1519 747 1581 Diod.
770 1521 880 1602 1v‚p.
901 1518 970 1584 318.
991 1520 1083 1584 Euat.

9 1619 15 1658 Ἀ
81 1621 123 1682 ad
145 1623 182 1687 ll.
201 1645 233 1695 v,
254 1623 278 1686 l.
297 1623 340 1704 l.3
369 1621 599 1712 discordiarum
621 1622 702 1682 llum
724 1621 810 1682 inter
831 1628 866 1681 et
885 1621 1083 1703 Pelopem

10 1740 15 1778 1
81 1725 302 1791 meminerunt
323 1725 416 1788 Paus
450 1725 489 1800 ll,
524 1743 572 1802 aa,
598 1725 637 1804 33
671 1723 758 1784 Dict.
781 1725 859 1785 Cret
902 1726 924 1797 l
946 1725 975 1786 o.
1017 1723 1084 1784 Alii

11 1852 16 1859 ·
80 1823 301 1910 Ganymedem
319 1829 457 1890 aMinoe
474 1840 602 1911 raptum
624 1845 695 1888 esse
716 1827 859 1902 uariant,
880 1825 1081 1888 Echemenes

81 1959 123 2018 ap
145 1935 265 1998 Athen.
287 1939 375 2014 xiil,
396 1959 428 2020 p.
449 1937 520 2000 601.
541 1937 579 1996 F.
599 1934 757 1998 Do'siades
779 1957 829 2017 ap.
852 1936 961 2001 Schol.
983 1936 1023 1997 ad
1043 1936 1080 1997 11.

11 2051 17 2088 ·.
80 2059 112 2107 o,
134 2035 157 2095 l.
178 2035 201 2094 1.
222 2035 310 2093 Dici.
334 2035 421 2096 Cret.
443 2035 484 2108 tl,
505 2031 554 2107 ai),
576 2032 632 2114 qui
645 2033 760 2093 Cretae
782 2035 866 2114 regis
887 2053 1006 2096 nomen
1019 2055 1082 2117 pro

9 2149 21 2188 a·
81 2137 192 2194 Minoe
223 2131 367 2195 exhibet.
390 2133 432 2194 cf.
460 2130 548 2193 Suid.
574 2151 598 2190 s.
626 2151 656 2194 r.
687 2129 820 2204 Μίνως.
865 2134 1083 2216 Ganymedem

10 2233 11 2236 ’
83 2244 212 2318 raptum
222 2234 350 2295 Cretam
364 2233 536 2295 adductum
548 2231 654 2315 gladio
666 2252 702 2292 se
715 2251 847 2296 necasse
855 2278 866 2308 ,
888 2243 923 2294 et
944 2233 1081 2296 subitam

9 2339 10 2344 ’
80 2339 149 2399 eius
161 2344 302 2404 mortem
315 2355 421 2398 ansam
437 2332 562 2396 dedisse
578 2319 745 2395 fabulosae
758 2334 945 2414 narrationi,
969 2355 1041 2396 eum
1055 2335 1082 2396 'a

8 2449 14 2482 '-
80 2438 149 2500 Diis
159 2441 289 2522 raptam
301 2459 381 2512 esse,
408 2436 481 2501 id.s.
491 2457 522 2498 r.
534 2429 634 2498 Ἴλιον
645 2435 756 2496 tradit.
777 2435 1080 2498 Huiusnarrationie

8 2559 10 2592 ι
84 2539 241 2620 originem
261 2541 317 2600 illa
336 2537 499 2600 Herodoti
527 2538 667 2621 euspicio
698 2536 855 2620 (pinam
877 2537 908 2600 δ’
927 2533 967 2601 ἂν
989 2531 1082 2602 οὗτοι

81 2641 251 2722 Κρῆτες“)
281 2641 422 2702 indicare
444 2639 583 2706 ridetur.
604 2677 644 2691 -
673 2641 880 2723 Ganymeden
901 2643 1080 2727 Aquarium

81 2739 113 2798 in
143 2741 239 2802 coelo
261 2738 349 2800 sidus
381 2759 451 2800 esse
472 2749 605 2800 narrant
624 2743 707 2824 Hyg.
727 2752 816 2823 poet.
836 2742 926 2804 Astr.
958 2744 998 2819 11,
1021 2757 1079 2827 295

25 2847 30 2856 '
82 2838 191 2904 Schol.
210 2841 301 2902 Arat.
324 2843 406 2920 2823
440 2842 533 2904 Serv.
555 2842 595 2903 ad
615 2842 697 2904 Aen.
720 2846 744 2920 l,
766 2843 823 2924 323
849 2843 899 2906 38.
943 2845 1080 2906 Catami-

82 2952 132 3002 tus
154 2942 254 3004 latine
269 2941 438 3002 dicebatur
453 2943 495 3004 cf.
511 2944 605 3006 Serv.
629 2944 648 3004 l.
660 2944 681 3003 l.
702 2952 736 3003 et
746 2944 852 3008 Plaut.
875 2943 1040 3007 Menaech.
1054 2945 1078 3018 l,

21 3073 26 3110 ⁴.
83 3042 172 3118 n‚35.
193 3045 241 3104 llo
252 3037 360 3106 aute‘m
375 3063 416 3104 ex
438 3063 540 3106 uxore
561 3042 765 3124 Eurydice
780 3043 910 3105 Adrasti
931 3042 1006 3121 filia,
1029 3043 1078 3104 uti

13 3197 23 3226 ,y
81 3145 448 3229 Apollod.l.l.§.1r;
483 3147 592 3216 schot.
625 3148 662 3212 ll.
682 3169 714 3221 a,
736 3145 813 3226 236,
845 3167 885 3208 ex
905 3147 1079 3230 Leucip-

10 3281 33 3336 ᾖ·
81 3267 143 3327 pe,
173 3247 222 3308 uti
253 3251 335 3329 Hyg.
363 3249 438 3332 2503
469 3259 599 3336 narrat,
632 3261 724 3310 uatus
754 3259 803 3310 est
833 3249 1078 3312 Laomedon.

24 3373 33 3428 ᾖ.
81 3353 130 3414 De
151 3350 214 3412 hoc
234 3351 283 3414 uti
303 3352 337 3412 in
358 3351 426 3412 aliis
446 3349 544 3412 rebus
565 3350 741 3432 scriptores
767 3349 838 3412 fere
860 3351 1077 3430 consentiunt,

34 3498 37 3524 ,
81 3453 122 3516 ita
143 3454 175 3514 in
197 3453 379 3517 nominibus
401 3475 537 3516 uxorum
559 3455 638 3514 mira
660 3465 710 3516 est
731 3452 886 3532 varietas,
921 3474 1017 3536 quam
1039 3466 1076 3516 ut

78 3557 238 3641 expedias,
260 3557 445 3639 complures
459 3555 559 3618 fuisse
580 3555 786 3620 statuendum
807 3568 867 3618 est.
900 3555 1078 3637 Leucip-

79 3683 153 3742 pen
167 3662 285 3722 Priami
305 3670 442 3722 matrem
464 3658 563 3721 fuisse
581 3659 658 3720 dicit
678 3663 789 3740 Taetn.
803 3657 844 3720 ad
855 3661 930 3739 Lyc·
957 3659 1012 3737 183
1034 3655 1077 3720 ci.

8 3784 29 3824 u
80 3762 440 3844 Pherecyd.fragm.733
453 3758 665 3820 hincomnino
673 3757 757 3840 apud
768 3756 1008 3840 Apollodorum
1019 3757 1041 3820 l.
1053 3755 1076 3823 1.

8 3871 36 3924 ‚lu
80 3856 247 3944 legendum
269 3862 339 3926 κατ’
359 3864 469 3939 ἐνίους
492 3860 793 3944 alimoniarum.
814 3858 932 3924 Stamis
953 3860 1075 3922 Priami

8 3965 42 4023 yn
80 3975 214 4029 matrem
234 3971 436 4032 Thoasam
458 3965 578 4032 Teucri
599 3969 707 4047 liliam,
741 3968 877 4029 Alcman
903 3957 1104 4048 Zeuuip-¹

77 4089 169 4152 pen,
190 4071 378 4148 Hellanicus
391 4072 640 4156 Strymonem
661 4070 893 4147 nominaverat,
905 4068 954 4128 uti
966 4065 1076 4130 Schol.
1127 4135 1130 4144 Ι
