2722 4776
567 437 568 446 ,
696 401 898 465 ..35-

369 569 421 630 De
450 567 607 630 Hecubae
635 587 775 652 genere,
801 577 839 630 ut
880 587 951 630 eam
988 565 1123 630 affinem
1151 567 1307 632 Helenae

289 693 359 737 esse
389 674 634 757 comprobaret,
654 677 735 738 mira
757 674 858 739 tradit
877 676 990 757 Dictys
1009 678 1034 756 1,
1056 693 1085 758 p.
1115 676 1308 758 „Agenoris

288 776 390 841 filium
410 777 573 841 Phineum
601 790 635 842 et
655 780 779 862 Dymae
808 777 911 861 patris
933 777 1088 840 Hecubae
1124 789 1157 838 et
1185 778 1304 840 Ledae

289 880 577 964 consanguinitatis
605 881 763 964 originem
793 879 981 945 dimisisse.“
1030 881 1098 942 Pro
1131 877 1306 940 Phineo
1333 959 1334 970 ,

286 983 322 1047 in
343 983 412 1045 aliis
434 983 507 1050 edd.
530 984 652 1067 legitur
675 982 945 1061 Phoenicem,
966 981 1023 1044 sed
1045 981 1087 1044 cl.
1109 981 1163 1058 ΙΙΙ,
1185 982 1219 1058 5,
1246 981 1304 1042 ubi

288 1085 403 1149 cadem
422 1065 585 1169 leguntur.
606 1083 767 1169 Agenoris
780 1083 882 1146 lilium
896 1105 971 1146 eum
983 1084 1148 1146 nominant
1161 1083 1308 1165 Apollo·

289 1189 388 1251 dorus
410 1191 434 1266 Ι,
456 1211 485 1271 p,
508 1193 545 1253 21
569 1188 597 1270 b.
620 1207 654 1266 a,
678 1186 735 1272 qui
756 1187 835 1248 alios
868 1207 944 1249 eum
964 1189 1118 1269 Neptuno
1149 1187 1303 1268 genitum
1333 1231 1334 1286 ,

288 1292 420 1359 tradere
444 1291 534 1370 dicit,
555 1291 666 1374 Apoll.
688 1290 750 1356 Rh.
773 1292 812 1368 ΙΙ,
835 1291 903 1372 178.
936 1290 1050 1352 Sobel.
1070 1291 1151 1350 Eur.
1173 1288 1301 1351 Phoen.
1333 1333 1335 1404 ,

289 1395 329 1477 ὃς
351 1397 444 1458 Serv.
467 1394 508 1458 ad
528 1395 601 1456 Aen
623 1396 677 1456 ΙΙΙ.
701 1409 775 1479 2093
797 1397 882 1477 Hyg.
906 1400 955 1479 19.
976 1394 1079 1457 Filius
1100 1407 1209 1456 autem
1227 1394 1301 1456 Phi·

289 1499 344 1560 nei
375 1496 557 1580 Paphlagos
590 1494 709 1559 dicitur
742 1495 857 1579 Steph.
886 1499 964 1578 Byr.
989 1516 1067 1562 sev.
1088 1491 1300 1579 Πάφλαγος,

290 1601 481 1662 Hellanicus
493 1597 701 1660 Phineumin
720 1596 941 1682 Paphlagonia
951 1619 1103 1681 regnasse
1124 1597 1241 1677 tradit,
1263 1597 1298 1662 cf.

291 1701 401 1764 Sohol.
423 1702 534 1785 Apoll.
555 1703 576 1767 l.
597 1701 620 1762 l.
646 1700 760 1784 fragm.
782 1703 871 1767 Hell.
893 1704 953 1784 833
973 1700 1027 1765 hic
1058 1702 1169 1785 itaque
1198 1701 1238 1762 in
1263 1701 1296 1762 iia

292 1802 392 1866 fuisse
414 1804 561 1883 ridetur,
589 1822 608 1865 e
634 1803 749 1887 quibus
777 1805 890 1886 Dictys
919 1804 1162 1887 genealogiam,
1198 1823 1296 1888 quam

292 1901 402 1986 affert,
424 1904 617 1972 concinarit.
639 1925 712 1966 nam
733 1906 961 1988 Pylaemenem
980 1905 1229 1988 Paphlagonum
1251 1924 1297 1966 re·

293 2025 368 2088 gem
389 2027 521 2092 quoque
543 2029 562 2068 a
581 2004 707 2068 Phineo
729 2026 832 2089 genus
854 2005 1023 2068 deduxisse
1045 2017 1157 2092 narrat
1189 2007 1247 2084 ΙΙΙ,
1270 2005 1297 2066 5.

290 2110 461 2173 Phoenicis
496 2109 601 2174 filium
629 2108 790 2172 Phineum
817 2110 917 2172 fuisse
939 2105 1112 2186 Hesiodus,
1134 2107 1297 2190 Asclepia-

205 2247 207 2252 ·
292 2213 349 2276 des
381 2213 591 2276 Antimachus
627 2224 661 2273 et
691 2209 897 2292 Pherecydes
935 2209 1151 2275 tradiderunt.
1189 2206 1293 2270 Schol.
1332 2235 1336 2354 ,

293 2316 450 2402 Apollon.
471 2313 535 2378 Rh.
557 2316 596 2392 ΙΙ,
621 2315 699 2396 1783
721 2311 868 2376 Phoenix
890 2323 998 2376 autem
1019 2314 1181 2396 Agenoris
1202 2310 1288 2374 babe-
1336 2380 1337 2406 ,

292 2417 400 2482 batur.
440 2420 559 2500 Dymas
592 2415 749 2480 Hecubae
776 2431 870 2500 pater
899 2418 1036 2480 dicitur:
1070 2421 1167 2492 Hom.
1194 2417 1229 2493 ll,
1257 2434 1288 2484 π»

293 2526 375 2608 7183
395 2523 505 2608 ibique
526 2520 725 2588 Scholiastes
757 2543 796 2585 ex
817 2521 1007 2612 Pherecyde
1039 2524 1149 2586 matris
1178 2540 1289 2586 nomen

294 2628 459 2703 Pronoen,
482 2646 565 2708 quae
586 2627 726 2709 nympha
746 2626 863 2706 fuerit,
886 2625 1003 2707 affert3
1035 2627 1154 2709 Dymas
1186 2634 1285 2686 autem

294 2729 412 2792 Eionei
432 2726 518 2789 filius
540 2729 678 2810 dicitur3
712 2731 754 2793 cf.
777 2730 876 2791 Sturz
898 2728 938 2789 ad
959 2727 1075 2812 fragm.
1098 2729 1187 2792 Pher.
1216 2723 1284 2788 888.

294 2829 428 2892 Fratres
449 2830 607 2894 Hecubae
630 2841 725 2894 crant
747 2833 842 2894 Asius
865 2832 904 2896 11.
925 2855 965 2910 π,
987 2835 1069 2915 7183
1104 2842 1139 2894 et
1164 2830 1291 2906 Otreos,

295 2928 407 2990 Scbol.
441 2929 481 2992 ad
515 2930 553 2994 11.
575 2955 604 3012 y,
636 2935 704 3015 189.
726 2965 766 2982 -
787 2931 975 2994 Anthonion
998 2935 1166 2998 Hecubam
1200 2932 1297 2996 Cissei

293 3046 327 3096 et
349 3033 502 3096 'l'eleolae
523 3033 621 3096 liliam
644 3035 779 3114 diherst,
800 3035 911 3100 Schol.
932 3036 973 3098 ad
995 3038 1031 3102 ΙΙ.
1052 3061 1085 3112 n,
1105 3039 1130 3100 Ι.
1151 3039 1175 3100 Ι.
1197 3056 1294 3122 eaque

292 3138 493 3222 tragicorum
514 3147 687 3230 poetarum
708 3149 858 3202 constans
879 3141 950 3202 fere
972 3141 1057 3202 fama
1077 3142 1151 3206 fuit.
1185 3143 1294 3222 Eurip.

224 3275 228 3286 ·
293 3239 377 3302 Hoc.
397 3239 437 3317 3,
469 3258 567 3322 quem
596 3241 738 3319 Ennius,
769 3240 948 3320 Pacuvius,
983 3242 1139 3323 Virgilius
1171 3239 1297 3328 sequuti
1336 3251 1337 3254 ’

294 3353 371 3404 sunt
392 3343 437 3405 ef.
460 3343 554 3407 Serv.
576 3343 720 3408 adden.
742 3345 815 3424 Vll,
837 3346 922 3427 3203
951 3345 1005 3406 alii
1030 3339 1179 3428 Sangarii
1197 3345 1297 3409 llumi·

294 3446 343 3506 nis
366 3453 401 3507 et
421 3445 568 3528 Metopes
591 3445 694 3508 liliam
726 3465 796 3506 eam
818 3445 942 3524 dixere,
962 3448 1119 3528 Apollod.
1149 3450 1172 3514 Ι.
1194 3451 1217 3512 Ι.
1253 3449 1298 3509 Ex

296 3573 334 3614 ea
365 3552 475 3636 itaque
506 3552 653 3614 Priamus
686 3551 773 3616 filios
811 3551 964 3638 filiasque
997 3557 1124 3636 genuit,
1160 3571 1299 3640 quornm

232 3687 238 3694 ·
294 3676 446 3738 magnum
480 3656 579 3718 fuisse
600 3676 772 3718 numerum
792 3665 929 3737 apparet
958 3677 997 3717 ex
1030 3657 1069 3720 ΙΙ.
1092 3657 1119 3736 ζ,
1152 3657 1230 3738 2453
1266 3675 1299 3730 os,

296 3761 378 3846 (4953
400 3759 443 3822 cf.
464 3761 546 3824 Eur.
568 3758 790 3838 Troads135'3
820 3759 1016 3841 Vi1·g.Aen.
1038 3761 1078 3833 ΙΙ,
1099 3759 1159 3824 501
1191 3756 1300 3841 ibique

297 3864 392 3927 Serv.
429 3863 495 3926 Cic.
519 3863 656 3958 Quaest.
677 3866 716 3930 T.
751 3864 775 3946 l,
809 3863 859 3948 35,
889 3863 980 3946 §85.
1011 3864 1173 3928 Filiorum
1194 3870 1301 3924 autem

296 3970 421 4056 primus
445 3977 518 4034 erat
