2626 4768
461 395 687 464 -141-

30 570 126 654 ipsi
156 575 234 650 post
264 561 314 626 Ilii
342 563 500 628 excidium
523 575 558 629 et
578 565 717 649 posteris
739 566 807 628 eius
829 565 896 628 fato
919 564 1074 628 constitu·

31 688 136 738 tum
166 683 273 749 esset,
308 671 445 733 fundum
476 673 663 756 praebuisse
696 672 859 736 videntur.
899 672 952 732 De
973 673 1074 734 Ante·

40 795 152 838 nore
174 772 348 856 proditore
376 773 507 858 antiqua
536 776 621 836 fama
642 783 708 851 est;
741 795 780 836 ex
805 774 931 838 Lesche
958 773 991 837 id
1019 795 1074 836 cx·
1143 819 1146 832 .

37 877 230 960 pressisse
251 873 370 936 dicitur
389 876 601 958 Polygnotus,
623 877 664 942 cf.
685 879 777 938 Paus·
799 879 840 956 X,
862 897 911 962 27,
931 880 969 958 33
990 877 1073 940 adde

40 980 162 1045 Pind.
181 977 276 1060 Pyth.
297 979 339 1057 V,
364 977 431 1046 rob.
474 979 567 1074 Quae
599 979 640 1042 ab
668 979 717 1042 bis
747 979 941 1068 dissentiunt
970 993 1003 1043 et
1032 980 1082 1044 ab.

47 1081 140 1144 aliis
164 1082 260 1142 aliter
280 1080 400 1143 tradita
419 1094 511 1160 sunt,
539 1081 639 1161 infra,
664 1084 722 1145 ubi
742 1083 783 1148 de
804 1083 970 1148 erroribus
990 1081 1071 1146 utri·

46 1205 173 1272 usque
196 1194 320 1270 agetur,
337 1184 488 1268 pluribus
510 1205 719 1270 exponemus.

320 1841 323 1846 ·
371 1819 590 1896 CAPUT
640 1819 762 1896 XVII.

134 2081 301 2138 ottssns
319 2081 579 2150 SPECULATOR,
601 2081 762 2138 RAPTUM
780 2082 1014 2138 esttecum.

65 2361 216 2488 Longas
238 2404 354 2468 deinde
374 2402 486 2487 Dictys
507 2413 559 2466 est
578 2405 612 2466 in
632 2404 796 2467 narrandis
819 2405 868 2485 iis,
890 2427 974 2490 quae
991 2406 1067 2470 dolo

74 2531 110 2582 et
129 2531 200 2583 arte
219 2521 339 2603 Ulyssis
362 2533 396 2584 et
415 2522 581 2584 Diomedis
603 2520 794 2583 fortitudine
815 2531 906 2602 gesta
927 2543 997 2585 csse
1015 2545 1069 2584 an·

74 2621 328 2706 tiquissimorum
362 2636 533 2706 poetarum
563 2622 703 2683 narratio
733 2631 813 2689 erat
848 2623 1070 2686 Celebratissi·

76 2747 164 2806 mum
196 2725 317 2807 Ulyssis
354 2726 478 2789 facinus
511 2737 598 2804 erat,
633 2724 722 2808 quod
754 2729 916 2788 Homerus
955 2729 1066 2812 paucis

74 2841 200 2889 enarrat
235 2828 317 2909 (od.
348 2829 375 2909 d,
406 2825 466 2899 alul
492 2827 599 2912 sqq),
634 2847 709 2888 eum
741 2827 932 2890 verberibus
967 2842 1070 2894 semet

74 2928 175 3010 ipsum
207 2930 403 2993 conscidisse
436 2942 471 2993 et
503 2930 614 2993 servili
646 2928 758 2990 habitu
791 2929 1007 2992 deformatum
1036 2932 1070 2992 in

77 3030 186 3094 urbem
206 3031 349 3095 hostium
369 3033 517 3114 venisse3
540 3051 637 3115 quem
660 3049 732 3091 cum
755 3032 857 3092 ceteri
877 3051 989 3102 omnes
1005 3053 1071 3094 non

77 3143 297 3214 agnoscerent,
319 3135 387 3198 sola
395 3136 524 3196 Helena
535 3133 665 3216 agnovit
686 3144 771 3192 etex
786 3133 857 3213 ipso
876 3132 980 3194 omnia
994 3152 1070 3196 con·

74 3237 142 3297 silia
162 3238 363 3300 Graecorum
382 3238 524 3300 rescivit.
568 3233 720 3296 Pluribus
744 3233 878 3295 eandem
905 3254 978 3296 rem
1005 3239 1069 3310 Ler-

74 3341 162 3404 sches
192 3351 402 3408 enarraverat
431 3343 488 3417 (cf.
515 3339 623 3403 Procl.
654 3339 687 3401 in
717 3341 812 3420 exc),
839 3340 965 3402 venisse
995 3360 1070 3402 eum

78 3448 314 3529 speculatorem
337 3458 464 3509 etcum
485 3446 629 3522 Helena,
659 3465 742 3530 quae
770 3465 846 3507 eum
875 3447 1069 3528 agnovisset,

80 3547 119 3608 da
140 3550 260 3611 excidio
282 3549 370 3610 urbis
392 3547 524 3610 consilia
546 3546 672 3629 iniisse;
694 3547 819 3610 scilicet
832 3556 869 3609 ut
888 3549 957 3631 ipsa
970 3552 1071 3612 Grae·

82 3653 122 3716 cis
142 3655 266 3736 signum
287 3654 359 3715 face
383 3651 474 3712 daret
494 3652 527 3711 in
548 3650 678 3730 funesta
698 3651 753 3710 illa
774 3664 882 3730 nocte,
893 3651 968 3714 vide
979 3655 1070 3736 Virg.

82 3755 156 3818 Aen.
178 3757 234 3835 Vl,
255 3755 331 3836 5173
355 3751 532 3833 Tryphiod.
551 3743 612 3834 498
634 3770 704 3833 sqq.
746 3741 941 3832 Sp'eculatcr
961 3764 1068 3814 autem

82 3857 272 3921 venerated
294 3857 551 3938 cognoscendam
571 3871 679 3913 arcem
700 3853 879 3935 templique
901 3852 1011 3932 situm,
1037 3857 1072 3917 in

85 3979 144 4040 quo
161 3959 342 4020 Palladium
363 3955 616 4038 custodiebatur,
638 3954 727 4036 quod
747 3952 863 4015 deinde
885 3951 924 4012 ab
945 3953 1015 4036 ipsc
1033 3929 1070 4018 bt

83 4059 234 4122 Diomede
254 4071 386 4145 raptum
407 4075 477 4124 esse
496 4058 583 4120 idem
602 4055 742 4120 Lesches
763 4052 925 4117 narrabat.
961 4057 1072 4120 Procli
