2626 4768
444 413 666 478 -189-

53 592 161 656 ditum
182 599 253 654 esse
260 611 271 670 3
294 588 476 671 Stephanus
500 607 524 648 s.
545 605 579 652 r.
599 580 753 650 Σύνναδα
782 603 855 646 enm
877 582 910 642 in
929 579 1061 662 Phrygi-

44 719 109 758 ·am
131 695 258 758 venisse
287 693 373 754 dicit.

139 799 169 860 Δ
179 818 223 881 ga
232 820 253 880 p
264 816 429 858 enorem
450 797 483 858 in
498 796 639 878 Cyprum
659 789 786 854 venisse
807 792 964 847 memorat
975 784 1063 844 Stra·
1078 869 1080 876 ,

56 900 102 962 bo
125 918 258 984 quoque
281 901 301 958 l.
324 899 362 975 l.,
392 908 425 958 et
444 896 591 979 Paphum
611 893 657 954 ibi
677 887 875 964 condidisse3
901 886 944 946 cf.
965 887 1062 946 Pane.

58 1005 149 1082 vltl,
171 1003 200 1080 5,
224 1018 263 1082 23
284 1001 323 1064 53
345 1025 375 1083 7.
416 1000 468 1062 De
491 999 655 1085 Cepheo
683 1003 717 1057 et
736 989 989 1070 Praxandro,
1019 986 1064 1050 cf.

59 1107 175 1165 Tacta.
197 1103 237 1162 ad
256 1104 333 1183 Lyc.
355 1099 424 1164 586.

142 1203 308 1267 Schedii
339 1214 372 1264 et
391 1203 650 1287 Epistrophi
682 1203 761 1265 socii
782 1203 814 1263 in
836 1202 926 1262 Italia
948 1205 1063 1264 Teme-

59 1330 128 1370 sam
158 1306 384 1385 condiderunt,
418 1311 528 1372 Tzetz.
547 1307 602 1368 'ad
626 1305 720 1388 10673
754 1305 812 1366 sed
833 1307 997 1368 Homerus
1030 1304 1064 1366 in

61 1411 191 1475 Troade
212 1410 387 1474 Schedium
415 1421 580 1482 mortuum
601 1430 673 1474 esse
706 1409 784 1472 dicit
803 1410 840 1476 Il.
861 1431 892 1492 p,
912 1405 992 1492 3063
1020 1403 1065 1468 cf.

59 1519 153 1583 Paus.
177 1519 216 1598 X,
241 1519 292 1588 la.

143 1619 292 1679 Nireus
313 1626 346 1678 et
367 1615 501 1679 Thoas
528 1637 590 1699 per
609 1617 717 1680 varios
739 1633 829 1676 casus
850 1614 959 1677 iactati
980 1622 1066 1693 sunt,

62 1725 169 1807 primo
189 1725 322 1806 Libyam
343 1724 466 1808 delapsi
487 1734 574 1803 sunt,
594 1736 664 1785 tum
684 1724 717 1786 in
738 1724 875 1805 Epirum
896 1724 1071 1803 navigares

63 1835 150 1903 runt,
171 1826 245 1887 inde
266 1826 299 1886 in
321 1827 461 1887 Siciliam
481 1825 698 1899 traiecerunt3
726 1821 767 1883 el'.
781 1825 891 1886 Tzetz.
913 1821 953 1882 ad
977 1845 1066 1892 1011,

61 1931 275 1992 Simulacrum
295 1928 453 2008 Palladis,
483 1926 572 2012 quod
592 1923 698 1986 Thoas
721 1946 738 1986 e
761 1925 888 1986 Troade
910 1924 943 1986 in
966 1925 1066 1986 Grae-

67 2037 146 2096 ciam
167 2015 435 2114 transportasset,
458 2028 660 2112 Amphissaei
681 2045 812 2090 servare
833 2025 1065 2110 gloriabantur,

64 2135 158 2196 Paus.
179 2134 220 2211 X,
242 2133 291 2212 38,
313 2134 344 2198 5.

145 2235 281 2315 Epeos
313 2235 346 2296 in
375 2232 499 2295 Italiam
529 2228 636 2308 venit,
667 2231 822 2294 Lacariae
850 2230 942 2292 sedes
976 2228 1064 2309 fixit3

66 2338 179 2396 Tzetz.
200 2334 241 2394 ad
262 2355 291 2397 r.
313 2337 385 2419 93⁰·
425 2330 539 2414 Stepb.
561 2334 640 2414 Byr.
672 2351 698 2393 s.
719 2351 752 2395 v.
774 2329 925 2414 λαγαρία.
957 2330 1066 2392 Pisaru

67 2435 108 2495 ab
129 2457 167 2496 eo
188 2435 363 2497 vconditam
395 2455 465 2498 esse
500 2433 577 2498 dicit
598 2433 730 2496 Servius
764 2431 804 2493 ed
824 2438 905 2498 Aen.
925 2436 966 2514 X,
991 2453 1065 2519 1793

71 2535 112 2599 cf.
132 2538 242 2599 lustin.
265 2541 338 2615 XX,
360 2556 394 2610 23
417 2537 535 2606 Vellei.
558 2537 582 2608 l,
607 2559 634 2598 1.

147 2638 387 2700 Protesilai
431 2641 511 2702 socii
548 2640 705 2702 Pallenen
736 2639 864 2702 venisse
904 2639 1066 2720 dicuntur,

68 2745 180 2807 Tzetz.
211 2741 250 2802 ad
268 2746 346 2827 L'yc.
374 2762 452 2828 9¹¹3
483 2745 545 2827 ipsi
574 2745 699 2807 divinus
726 2745 829 2809 honos
851 2746 983 2809 habitus'
1007 2759 1066 2830 estu

67 2845 162 2906 Paus.
195 2846 218 2921 l,
239 2842 280 2911 34
301 2861 337 2926 23
369 2847 502 2910 Lucian.
523 2850 624 2914 Deor.
653 2869 743 2912 conc.
768 2871 812 2916 su.
853 2853 1068 2935 Lepidissima

71 2946 177 3011 fabula
207 2947 247 3010 de
276 2971 385 3012 amore
413 2951 604 3014 Laodamiae
632 2956 665 3016 in
695 2959 863 3039 coniugem
894 2971 971 3020 nota
1007 2965 1069 3046 est,

70 3048 206 3129 legesis
228 3050 321 3112 Serv.
343 3051 382 3112 ad
404 3057 483 3114 Aen.
506 3056 559 3133 VI,
581 3061 651 3138 447.
754 3076 757 3084 “
1007 3137 1013 3142 ¹

150 3153 328 3229 Guneus,
342 3155 562 3234 Prothous,
580 3158 1070 3242 Eurypyluehibyamvene·

73 3268 159 3334 runt,
194 3259 307 3317 Tacts.
331 3256 370 3316 ad
390 3260 465 3340 Lyc.
487 3263 556 3343 877,
578 3263 654 3344 899v
689 3265 853 3345 Magnetes
884 3275 991 3323 autem
1013 3267 1069 3348 qni

68 3385 143 3426 cum
175 3363 322 3426 Prothoe
353 3368 555 3449 navigassent
585 3368 702 3430 Cretae
734 3369 916 3431 consedisse
947 3380 1070 3436 narrat·

69 3468 121 3527 De
141 3469 307 3550 Eurypylo
328 3469 523 3564 singularem
544 3473 763 3534 narrationem
785 3472 883 3536 affert
896 3477 1069 3538 Pausanias

71 3565 143 3642 Vll,
168 3585 212 3648 19,
234 3565 267 3634 63
291 3567 331 3626 cf.
355 3587 403 3644 ar,
424 3591 453 3648 7,
475 3587 549 3629 eum
570 3581 626 3632 aut
648 3592 719 3631 cum
735 3571 853 3654 praeda
867 3573 1068 3638 divideretur

70 3663 233 3746 accepisse
262 3674 319 3725 aut
338 3666 497 3728 invenisse
512 3655 606 3728 'forte
628 3671 757 3749 cistam,
786 3672 819 3733 in
850 3696 912 3755 qua
939 3675 1068 3735 simula·

72 3780 161 3822 erum
180 3762 301 3825 Bacchi
321 3787 339 3826 a
359 3768 506 3834 Vulcano
527 3766 719 3832 fabricatum
741 3784 774 3832 et
784 3772 936 3834 Dardano
957 3776 1067 3838 alove
1157 3841 1159 3848 ,

74 3863 224 3928 donatum
256 3869 416 3930 inclusum
449 3881 527 3937 erat.
569 3874 693 3954 Aperta
722 3875 801 3937 cista
833 3895 907 3938 cum
938 3877 1067 3937 simula-

74 3981 165 4022 crum
186 3965 327 4045 vidisset,
348 3967 462 4028 furore
484 3983 654 4052 correptus
677 3980 736 4036 est.
770 3972 867 4035 Cuius
889 3973 996 4035 morbi
1015 3995 1067 4038 re·

70 4061 210 4127 medium
231 4070 402 4151 quaerenti
421 4072 587 4134 oraculum
605 4071 790 4157 respondit,
819 4085 857 4138 ut
882 4075 938 4140 ubi
966 4075 1068 4141 bomi-
