2722 4776
610 1039 832 1136 claua
882 1041 986 1118 vm.

566 1241 638 1298 DE
679 1242 1024 1333 PIALAMEDE

292 1441 414 1554 'fanu
434 1486 498 1552 fnit
519 1485 605 1572 apud
626 1497 761 1573 poetas,
795 1489 851 1576 qui
871 1493 1053 1552 Homerum
1084 1491 1197 1553 secuti
1220 1473 1316 1568 sunt*

291 1593 472 1660 Palamedis
494 1593 578 1654 fama
599 1602 698 1677 atque
719 1593 833 1676 gloria,
853 1603 893 1655 ut
912 1614 973 1656 cur
985 1615 1027 1656 ne
1046 1594 1152 1660 verbo
1167 1597 1300 1680 quidem

292 1702 361 1766 eius
388 1697 511 1760 mentio
537 1695 596 1757 fiat
615 1695 649 1757 in
677 1697 763 1758 illius
785 1699 1002 1775 carminibus,
1030 1699 1148 1760 mirum
1181 1702 1298 1782 merito

289 1803 451 1869 videntur.
491 1801 605 1862 Clarus
646 1798 703 1860 ille
743 1801 899 1884 imprimis
936 1799 1120 1862 habebatur
1153 1811 1299 1883 propter

287 1909 495 2004 prudentiam
517 1920 551 1970 et
572 1905 737 1968 scientiam
755 1905 959 1989 singularem,
981 1915 1120 1988 propter
1142 1903 1296 1966 iustitiam

289 2027 323 2096 ct
344 2012 541 2100 aequitatem
562 2011 657 2074 animi
679 1992 908 2072 admirandam.
933 2013 1025 2073 Haec
1047 2032 1184 2096 quoque
1210 2034 1296 2075 causa

287 2135 358 2178 esse
379 2112 527 2190 videtur,
562 2131 621 2172 cur
647 2111 760 2192 tragici
794 2121 915 2192 poetae
944 2131 963 2171 e
990 2109 1239 2172 narrationibus
1261 2111 1294 2172 de

286 2215 385 2280 rebus
415 2215 455 2276 ab
489 2216 562 2296 ipso
590 2215 688 2295 gestis
720 2219 772 2273 tot
808 2212 988 2273 dramatum
1018 2223 1217 2296 argumenta
1245 2217 1294 2276 sibi

287 2315 473 2392 sumserint,
495 2312 537 2377 cf.
560 2313 599 2376 de
614 2313 779 2396 Sophocle
799 2313 946 2395 fragmm.
968 2314 1019 2377 ed.
1039 2315 1139 2378 Both.
1162 2337 1242 2399 pag.
1263 2315 1293 2378 60

286 2437 340 2502 sq3
363 2415 404 2478 de
425 2415 582 2500 Euripide
597 2414 733 2480 Valhen.
752 2413 858 2477 Diatr.
879 2436 951 2498 pag.
977 2436 1051 2499 ¹273
1074 2415 1114 2478 de
1127 2417 1289 2500 Aeschylo

286 2506 422 2581 Schiitz.
444 2528 522 2579 tom.
536 2519 575 2595 V,
593 2536 664 2599 pag.
690 2521 755 2587 114.
777 2539 825 2602 sq.
849 2517 949 2609 Quod
968 2521 1002 2580 in
1016 2503 1207 2583 Homericis
1232 2545 1287 2585 car·

283 2621 423 2685 minibus
460 2643 620 2706 nusquam
655 2634 945 2702 commemoretur,
980 2642 1107 2685 causam
1137 2623 1281 2703 afferunt,

285 2722 489 2806 praecavisse
524 2727 726 2808 Homerum,
760 2745 802 2785 ne
823 2725 943 2805 Ulyssis
976 2725 1088 2786 laudes
1117 2727 1269 2788 minueret

285 2821 441 2885 Philostr.
459 2823 519 2886 vit.
537 2823 646 2905 Apoll.
668 2822 748 2905 Thy.
766 2825 821 2903 lv,
843 2828 880 2906 53
902 2825 1030 2890 Heroic.
1042 2847 1074 2909 p.
1087 2828 1158 2909 703.
1174 2827 1267 2891 Straba

282 2933 392 2988 autem
414 2923 515 3001 [Vlll,
537 2943 609 3006 pag.
631 2922 700 3000 266,
721 2925 777 2998 B.)
798 2934 899 2986 totam
921 2923 1063 2987 fabulam
1097 2948 1115 2986 a
1147 2927 1277 3009 posteri·

282 3023 393 3084 oribus
414 3021 524 3106 poetis
547 3034 621 3104 post
642 3023 779 3085 Homeri
801 3037 949 3107 tempora
971 3025 1080 3086 fictam
1113 3045 1186 3088 esse
1218 3050 1280 3090 cou-

283 3127 405 3208 rendit,
441 3127 597 3188 adductus
627 3126 667 3188 ad
688 3128 720 3189 id
742 3139 779 3191 ut
799 3129 930 3192 videtur
951 3131 1107 3213 temporis
1130 3143 1165 3192 et
1195 3153 1282 3214 genc-

282 3231 405 3315 alogiae
427 3231 564 3293 ratione.
606 3230 741 3294 ¹Scilicet
760 3235 946 3315 Neptunum
970 3236 1096 3315 generis
1119 3248 1283 3297 auctorem

281 3337 432 3418 tradunt3
453 3341 479 3400 is
502 3341 614 3422 genuit
635 3362 674 3401 ex
695 3343 871 3421 Amymone
893 3340 995 3408 Danai
1016 3340 1081 3402 iilia
1095 3342 1284 3424 Nauplium;

280 3438 368 3500 bunc
388 3439 522 3502 suerunt
551 3443 607 3526 qui
629 3441 846 3523 longissimam
873 3445 972 3503 vitam
993 3442 1109 3503 vixisse
1139 3441 1286 3504 dicerent
1315 3431 1316 3446 ¹

283 3552 317 3602 et
337 3540 468 3602 tandem
490 3563 530 3604 ex
562 3566 663 3605 uxore
687 3545 841 3626 Clymene
872 3544 928 3624 (cf.
962 3564 1058 3625 supra
1082 3565 1148 3632 cap.
1171 3545 1200 3624 l)
1233 3557 1287 3605 aut

281 3669 320 3711 cx
341 3650 502 3726 Hesiona,
531 3655 579 3711 uti
602 3653 743 3734 Cercops
770 3651 964 3732 tradiderat,
999 3662 1053 3712 aut
1084 3671 1122 3711 ex
1142 3651 1282 3735 Philyra,

280 3752 329 3812 uti
350 3752 383 3813 in
405 3752 618 3833 carminibus,
640 3775 722 3837 iyuae
744 3751 858 3817 νόστοι
880 3755 1085 3832 dicebantur,
1118 3763 1282 3814 narratum

280 3854 399 3934 suerat,
421 3856 504 3919 lilios
526 3858 674 3941 genuisse
695 3856 899 3920 Palamedem
923 3867 958 3918 et
980 3855 1151 3932 Oeacem,
1166 3857 1279 3938 quibus

259 3957 415 4026 ,tertium
450 3958 538 4021 addit
566 3960 789 4043 Apollodorus
804 3960 1105 4023 Nausimedontem.
1128 3949 1279 4042 Apollod.

274 4061 314 4144 ll,
340 4061 885 4147 1‚5§.13.cf.Pausan.11,3s,
908 4083 945 4136 c;
981 4065 1035 4144 lV,
1057 4065 1107 4146 35,
1130 4085 1156 4133 a.
1198 4067 1277 4131 Hinc
