2626 4768
451 387 677 452 -127-

25 558 179 621 'Phetin
201 554 269 618 lilio
289 557 469 620 Memnonis
491 558 556 618 sata
578 570 673 620 antea
695 559 892 642 apperuisse.
927 563 977 626 Ea
998 583 1069 626 sors

30 659 149 724 Aiaci
182 660 310 742 obtigit.
352 661 420 754 Qui
452 664 603 746 sequenti
635 663 687 726 die
716 683 790 726 cum
812 687 853 728 eo
874 684 1069 750 congressus

34 788 132 826 cum
166 787 184 826 a
215 764 311 826 sociis
339 763 426 846 regis
455 777 682 846 premeretur,
716 785 891 830 accurrens
922 769 1069 832 Achilles

32 873 264 932 Memnonem
285 865 376 928 hasta
397 863 573 944 transfixit3
594 865 776 947 sicDictyt.
797 867 940 960 Quintus
959 881 1068 932 autem

33 997 122 1036 uno
146 974 200 1036 die
229 973 429 1036 debellatum
458 993 529 1034 esse
555 983 590 1034 et
609 974 980 1036 Memnonem'occisum
1002 983 1068 1036 tra-

38 1077 118 1139 dit:
156 1078 197 1156 11,
229 1077 290 1138 528
317 1097 389 1160 sqq.
424 1073 635 1152 Antilochum
665 1074 705 1136 ab
738 1095 779 1138 eo
811 1087 967 1138 necatum
1002 1085 1068 1137 tra·

41 1180 103 1239 dit
124 1187 278 1260 praetera
302 1177 460 1238 Pindarus
481 1177 575 1260 Pyth.
597 1179 653 1254 Vl,
675 1181 724 1256 28,
745 1179 850 1259 ipsum
872 1176 916 1238 ab
937 1177 1066 1242 Achille

40 1279 211 1342 cecidisse
231 1279 317 1341 idem
340 1279 394 1346 Ol.
415 1282 456 1357 ll,
487 1283 573 1360 1483·
595 1282 688 1346 Nem.
708 1282 764 1352 Vl,
786 1282 843 1350 853
876 1300 962 1365 quae
991 1301 1066 1343 eum

44 1402 71 1443 e
94 1378 226 1443 Lecshe
247 1380 390 1442 hausisse
419 1380 500 1443 dicit
520 1381 734 1460 scholiastes,
764 1383 806 1445 cs.
828 1391 1003 1464 praeterea
1024 1382 1066 1446 de

44 1483 228 1543 Memnone
247 1479 404 1546 Philostr.
434 1482 491 1544 vit.
513 1483 623 1565 Apoll.
645 1483 700 1559 Vl,
730 1485 766 1550 33
799 1485 857 1566 qui
888 1504 965 1547 eum
998 1503 1066 1546 non

45 1585 93 1652 ad
113 1589 247 1652 Troiam
267 1587 326 1650 sed
346 1596 539 1669 regnantem
559 1589 592 1650 in
604 1587 780 1674 Aethiopia
800 1599 970 1652 mortuum
992 1609 1063 1653 esse

45 1694 219 1775 narratmf.
240 1695 373 1758 Horoic.
393 1713 467 1778 pag.
487 1693 563 1774 6723
592 1694 923 1773 Memnonemillum,
946 1692 1063 1780 quiuis

43 1796 182 1860 Achille
204 1797 327 1860 occisus
349 1809 457 1875 esset,
489 1795 667 1858 Troianum
701 1775 821 1873 fuisse,
853 1799 914 1882 qni
932 1797 1062 1880 ignotus

48 1919 149 1968 antea
168 1915 245 1988 post
257 1906 411 1968 Hectoris
434 1905 564 1966 demum
585 1915 725 1966 mortem
746 1904 943 1968 fortitudine
964 1904 1062 1966 incla-

48 2008 171 2086 ruerit,
193 2008 274 2071 adeo
293 2021 328 2070 ut
345 2009 431 2070 ineo
452 2028 542 2091 spem
566 2027 696 2068 omnem
717 2009 850 2068 Troiam
869 2008 1061 2090 posueriut3

54 2110 138 2174 adda
161 2108 303 2174 Callisto.
321 2121 395 2172 stat.
417 2129 453 2192 93
476 2111 591 2190 Heyue,
613 2126 683 2169 exc·
707 2108 784 2170 xlx
801 2108 842 2170 ad
859 2115 942 2172 Aen.
965 2114 988 2172 1.
1001 2111 1061 2175 l.l.

54 2233 129 2274 eum
150 2232 224 2275 eum
245 2211 364 2272 multos
379 2210 580 2273 Graecorum
601 2209 804 2288 trucidasset,
826 2211 1061 2274 Thessalorum

50 2311 171 2374 insidiis
192 2321 343 2372 necatum
370 2309 479 2375 tradit.
523 2311 605 2374 Cum
631 2303 748 2374 deinde
762 2311 892 2376 ¹Graeci
922 2313 1059 2376 induciis

50 2415 143 2476 sactis
174 2433 247 2476 suos
269 2421 304 2474 et
324 2412 457 2476 Troiani
476 2413 613 2476 seorsim
629 2415 835 2476 Memnonem
865 2411 1058 2495 sepelirent,

27 2581 29 2586 ,
51 2518 183 2580 immissi
202 2539 220 2576 a
239 2529 342 2578 matre
363 2516 454 2579 venti
476 2515 583 2597 ipsum
604 2515 742 2579 cadaver
763 2525 797 2578 et
818 2535 931 2578 omnes
949 2516 1056 2576 socios
1149 2511 1155 2530 ⁸

53 2619 282 2702 abripuerunt,
316 2631 353 2680 ut
375 2618 517 2714 Quintus
543 2615 642 2678 tradit
650 2639 660 2696 3
690 2616 826 2678 cremati
845 2615 1002 2700 reliquias
1024 2617 1057 2678 iu

51 2745 132 2785 urna
165 2723 308 2787 conditas
330 2745 348 2783 a
370 2723 518 2786 Troianis
551 2723 584 2782 in
617 2723 754 2802 patriam
787 2705 938 2784 remissas
974 2743 1056 2802 esse,

48 2827 179 2908 Dictys,
209 2845 249 2886 ex
270 2825 380 2888 cinere
401 2823 562 2887 combusti
583 2822 748 2886 cadaveris
778 2845 855 2886 aves
875 2828 1056 2888 nsemnoni·

53 2945 86 2984 as
106 2937 193 2988 natas
214 2945 305 3000 csse,
338 2945 474 3010 quarum
506 2924 676 3008 quotannis
707 2925 919 2988 redeuntium
945 2945 1054 3008 pugna

52 3028 94 3090 sit
112 3028 344 3106 memorabilis,
378 3027 515 3090 Ovidius
549 3027 641 3106 (Met.
661 3028 752 3103 xut,
774 3025 850 3108 605)
872 3037 908 3089 et
929 3027 1053 3090 Plinius

52 3134 148 3214 (Htss
166 3137 206 3200 N.
226 3135 266 3212 X,
286 3134 343 3213 38)
365 3139 508 3196 narrant,
547 3130 718 3211 Sepultum
746 3147 819 3190 eum
845 3149 917 3190 esse
939 3129 973 3190 in
994 3129 1053 3211 Sy·

49 3233 98 3296 ria
130 3234 214 3298 circa
242 3235 373 3297 Paltum
406 3235 495 3296 iaxta
525 3229 648 3294 llumen
666 3229 788 3292 Badam
809 3229 930 3300 Strabo
962 3234 1051 3312 (XV,

51 3355 121 3418 pag.
144 3337 235 3418 1058)
269 3335 474 3400 cSimcnide
508 3332 616 3396 affert.
658 3337 897 3414 Argumentum
921 3341 1051 3415 tragoe-

52 3437 121 3498 diae
140 3439 273 3500 alicuius
291 3437 412 3501 afferre
431 3437 562 3500 videtur
582 3436 693 3517 Dictys
711 3435 767 3510 Vl,
792 3451 849 3504 ως
871 3435 1050 3498 Hemeram

50 3562 191 3604 sororem
211 3543 390 3606 Memnonis
413 3542 453 3604 ad
473 3541 590 3602 ducem
622 3540 730 3602 classis
752 3537 889 3602 Pholum
910 3542 1049 3617 venisse,

49 3643 105 3726 qui
122 3642 225 3728 Paphi
245 3657 462 3706 commoratus
483 3654 586 3715 esset,
618 3654 655 3702 ut
683 3640 767 3702 bona
788 3650 917 3704 etossa
937 3643 1050 3704 fratris

49 3753 229 3826 repeteret3
250 3745 309 3807 sed
328 3744 409 3806 hacc
430 3744 499 3804 sola
522 3741 684 3825 accepisse
696 3753 730 3804 et
749 3740 882 3804 domum
900 3740 1049 3820 rediisse,

50 3846 105 3908 uhi
121 3847 257 3928 sepultis
287 3848 397 3908 fratris
427 3844 574 3926 reliquiis
595 3864 752 3927 nusquam
774 3833 901 3906 deindo'
915 3861 1047 3926 compa·

50 3951 171 4012 ruisset.
213 3953 263 4012 Ea
281 3949 451 4034 singularis
471 3949 614 4010 narratio
636 3968 675 4010 eo
690 3946 787 4028 magis
802 3946 884 4006 mira
905 3944 1048 4024 videtur,

54 4074 121 4116 oum
139 4052 172 4113 in
193 4073 233 4114 ea
253 4053 407 4117 nonnulla
427 4051 591 4133 leguntur,
613 4069 697 4134 quae
719 4047 794 4108 alibi
806 4066 968 4130 nusquam
977 4069 1046 4109 nsc-
