2626 4768
414 437 696 502 -181-=

12 603 335 670 commemorabant.
376 601 492 686 Tangit
525 621 594 664 eam
626 621 698 663 rem
729 601 852 672 Strabo⁴
876 603 900 682 l,
921 625 953 687 p.
975 605 1028 692 45,

12 711 79 794 qui
109 723 165 772 ter
186 731 260 770 eum
282 707 322 769 ad
343 707 484 769 Siciliam
506 705 817 789 appulisse'narrat,
839 707 883 770 of.
904 710 976 789 Vll,
997 731 1030 792 p.

12 815 101 892 ‘⁴583
141 814 181 890 V,
223 833 257 894 p.
298 809 369 874 355.
412 843 453 854 -
498 809 597 870 Baiae
637 808 748 892 itaque
790 810 946 894 oppidum
988 809 1028 873 ad

12 912 140 972 Baium
161 911 283 994 Ulyssis
314 911 437 974 socium
459 910 615 991 originem
648 911 829 992 referebat,
856 911 898 974 ci'.
919 913 1026 980 Varro

12 1035 74 1096 ap.
99 1014 193 1078 Serv.
215 1013 256 1076 ad
276 1019 355 1076 Aen.
378 1016 531 1096 1x‚710;
559 1012 666 1077 Strab.
686 1013 708 1074 l.
730 1015 752 1074 l.
775 1025 808 1077 et
829 1018 913 1099 V,.p
939 1016 1027 1098 '8763

12 1117 189 1199 Lycophr.
210 1117 271 1202 694
290 1117 400 1202 ibique
422 1121 552 1197 Taetz.3
584 1115 697 1197 Steph.
719 1116 798 1200 Byr..
832 1138 857 1180 s.
877 1139 909 1182 u.
944 1119 1028 1179 Item

12 1221 163 1290 Vesuvii
189 1223 318 1285 accolae
342 1233 375 1284 et
397 1216 525 1304 Cyr'naei
546 1219 585 1282 ab
606 1221 726 1302 Ulyasis
753 1221 848 1284 sociis
878 1222 1025 1286 civitates

12 1344 95 1384 suaa
131 1323 275 1385 conditas
309 1323 540 1385 memorabant.
582 1320 748 1404 Oppidum
780 1323 819 1386 ab
850 1320 964 1407 Uly'sse
989 1326 1026 1388 in

12 1427 117 1486 Italia
150 1426 314 1490 conditum
347 1425 568 1486 memorabant
595 1424 784 1507 Scylaceum
804 1425 1025 1510 Navil'ragum,

14 1529 119 1591 Serv.
141 1528 182 1589 ad
203 1530 285 1594 Aen.
307 1531 362 1607 lll,
390 1529 465 1608 5533
498 1529 539 1592 cl.
561 1531 699 1590 Pausan.
719 1531 760 1608 V,
781 1529 830 1607 25,
852 1529 882 1592 3.
922 1531 1026 1592 biaoa-

15 1651 101 1692 reus
134 1631 264 1716 quidam
294 1634 400 1694 socius
426 1632 494 1694 eius
522 1633 555 1694 in
578 1635 667 1695 ltalia
689 1634 800 1696 sedem
820 1631 927 1697 fixisse
950 1635 1027 1698 dici·

14 1743 90 1811 tur,
114 1729 211 1794 ovid.
225 1733 300 1794 Met.
322 1734 409 1811 xlv,
431 1755 464 1815 p.
487 1733 557 1813 1583
580 1738 749 1797 'semesam
770 1737 803 1796 in
825 1735 950 1796 ltaliam
970 1756 1027 1799 vc·

12 1839 81 1915 nit,
104 1837 159 1900 nbi
180 1839 286 1902 socius
310 1839 387 1919 eius,
410 1840 561 1922 quoniam
572 1841 733 1923 ‚virginem
747 1862 807 1924 per
819 1841 885 1905 vim
896 1851 1023 1926 stupra·

12 1956 128 2022 verat,
149 1965 167 2004 a
188 1941 310 2007 civibus
332 1942 490 2024 lapidibus
510 1958 643 2006 necatus
664 1957 723 2024 est,
743 1948 838 2007 Paus.
859 1947 916 2024 Vl,
938 1945 967 2024 6,
988 1963 1026 2031 73

17 2044 131 2110 Strab.
151 2047 208 2124 Vl,
229 2067 261 2127 p.
285 2045 363 2132 3923
395 2044 544 2111 Eustath.
565 2067 713 2130 prooem.
740 2047 773 2108 in
796 2048 861 2113 Od.
904 2051 1027 2132 Egerat

19 2155 67 2216 de
89 2153 229 2218 adventu
251 2155 319 2219 eius
348 2155 380 2215 in
406 2155 528 2215 ltaliam
550 2155 759 2235 Hellanicus,
792 2157 834 2218 ci.
854 2159 962 2224 Stura.
983 2157 1027 2220 ad

22 2259 70 2319 fr.
96 2261 161 2328 rud.
196 2258 327 2318 Aeneae
349 2277 423 2318 curn
443 2258 476 2318 in
497 2256 546 2319 his
569 2257 734 2320 erroribus
757 2259 939 2323 occurrisse
959 2258 1025 2324 fer-

17 2372 96 2436 tur,
118 2379 192 2420 oum
213 2357 416 2443 quo'foedus
438 2358 611 2439 iunxisset3
637 2363 750 2421 Tzetz.
773 2359 814 2422 ad
834 2363 911 2444 Lyc.
938 2366 1024 2432 ralia.

13 2462 158 2522 Portum
179 2459 299 2541 Ulyssis
328 2459 361 2520 in
389 2458 497 2519 Sicilia
526 2468 685 2520 memorat
704 2461 829 2523 Plinius
851 2463 933 2527 Hist.
951 2466 1025 2528 Nat.

19 2561 81 2636 Ill,
107 2564 151 2637 ab,
172 2582 205 2643 p.
226 2558 297 2624 oto.
339 2559 456 2624 Strabo
478 2559 511 2620 in
532 2557 720 2641 Hispaniam
748 2561 829 2624 adeo
859 2564 1025 2626 erroribus

20 2661 90 2724 suis
110 2663 262 2722 iactatum
283 2681 358 2740 eum
380 2647 449 2723 elsae
467 2670 636 2738 memorat,
658 2659 701 2726 cf.
722 2660 776 2740 lll,
796 2684 828 2745 p.
851 2664 927 2746 2233
950 2664 1027 2746 2363

18 2765 141 2852 quibua
162 2765 239 2828 locis
261 2767 329 2830 eiua
357 2766 407 2828 rei
427 2777 635 2830 monumenta
666 2763 764 2832 affert
785 2755 902 2828 urbem
921 2767 1027 2852 Odys·
1120 2775 1123 2802 ¹

18 2888 110 2928 ream
138 2865 183 2930 ibi
205 2866 377 2944 conditam,
411 2867 453 2929 cf.
476 2863 589 2948 steph.
610 2868 689 2948 Byz.
719 2887 744 2927 a.
769 2869 1025 2932 v.etEustatl1.

19 2987 167 3050 prooem.
210 2969 244 3028 in
276 2966 360 3047 Od.;
393 2966 434 3028 ad
467 2965 600 3048 Libyam
633 2986 707 3028 eum
743 2969 870 3032 venisse
913 2981 1025 3034 narrat
1077 3033 1086 3056 .

21 3077 161 3134 Tzetzea
184 3069 225 3132 ad
244 3073 323 3153 Lyc.
348 3071 417 3140 bid.

104 3171 196 3262 Quae
217 3174 249 3234 in
270 3171 407 3254 patriam
429 3190 563 3232 reverso
593 3167 746 3232 accidisse
768 3169 937 3251 dicuntur,
970 3193 1022 3234 us·
1106 3251 1111 3258 .

18 3295 88 3360 que
108 3274 183 3336 dum
204 3293 323 3356 procos
348 3271 581 3349 interfecerit,
615 3271 665 3332 uti
686 3269 735 3332 his
756 3271 886 3348 tandem
909 3275 1021 3368 occisis

16 3377 161 3460 patrium
180 3395 317 3457 regnum
339 3373 491 3452 tenuerit,
511 3383 594 3434 nota·
609 3385 684 3435 aunt
705 3394 745 3434 ex
764 3375 921 3441 Homero.
960 3379 1024 3440 Na·

18 3480 99 3557 scio,
127 3477 203 3562 quid
223 3479 246 3540 ii
267 3477 325 3538 sibi
346 3477 511 3540 voluerint
532 3483 702 3554 auctores,
725 3475 781 3559 qui
802 3497 821 3538 a
841 3479 1021 3562 Penelope,

19 3605 105 3669 quae
129 3603 200 3642 cum
221 3582 368 3644 omnibus
389 3580 499 3664 procis
528 3578 772 3658 concubuisset,
802 3583 892 3644 Pana
913 3596 1024 3646 natum

20 3709 92 3749 esec
126 3685 286 3765 dicebant,
319 3684 459 3764 Horodt.
494 3685 533 3762 ll,
571 3685 644 3753 1453
677 3683 774 3744 Duris
815 3687 939 3751 Samius
973 3711 1023 3772 ap.

22 3797 134 3854 Tacta.
159 3790 209 3856 ad.
228 3793 306 3873 Lyc.
327 3809 405 3871 7723
436 3786 490 3850 alii
511 3809 530 3852 a
549 3787 713 3851 Mercurio
742 3787 775 3848 in
797 3810 928 3872 caprum
951 3812 1019 3852 mu·

25 3907 94 3959 tato
126 3907 331 3980 procreatum
365 3913 435 3956 esee
461 3893 549 3953 Pana
579 3887 829 3970 fabulabantur,
863 3892 956 3954 Serv.
986 3903 1022 3956 et

20 4000 159 4084 Philarg.
192 4001 231 4063 ad
252 4001 343 4082 Virg.
365 3997 438 4058 Ecl.
468 3995 508 4074 ll,
535 3993 585 4056 32.
626 3994 678 4054 De
712 4014 751 4055 ea
778 4013 816 4055 re
849 3997 1023 4062 certiorem

21 4103 141 4167 factum
162 4107 310 4188 Ulyssem
340 4102 374 4164 in
401 4097 615 4183 Tyrrheniam
644 4096 828 4180 navigasse,
862 4100 935 4184 quia
964 4099 1023 4188 do·
