2722 4776
539 379 726 442 „7-

140 568 229 626 eerte
260 565 386 640 partem
413 554 447 615 in
468 572 568 614 unum
590 567 707 632 corpus
741 543 871 607 redaeta
904 537 1014 602 babitu
1049 545 1144 600 esset.

138 661 206 725 Sed
225 659 277 721 bie
310 656 457 744 quisquis
484 651 547 715 suit
567 663 687 734 poeta,
721 647 789 709 sive
818 664 901 706 unus
932 643 1000 707 sive
1033 644 1156 742 plures¹

136 763 273 826 suerunt
294 772 461 835 auctores,
482 758 550 839 ipse
573 765 607 818 et
628 753 684 838 qui
704 751 846 836 aequalis
868 747 1007 812 Homeri
1032 746 1147 812 baberi

137 874 226 936 solet
243 867 418 932 Hesiodus.
438 867 472 927 in
492 862 609 932 fabulis
631 859 671 921 ab
692 861 839 924 Homero
861 855 1065 918 dissentiunt.

220 977 313 1042 Inter
332 945 513 1038 Homerum
535 975 643 1032 autem
665 973 698 1024 et
717 959 915 1037 Hesiodum,
944 978 1026 1048 quos
1061 955 1145 1018 eius·

139 1078 214 1141 dem
237 1097 305 1138 esse
324 1058 437 1137 aetatis
459 1093 564 1144 nemo,
587 1069 715 1152 opinor,
737 1084 810 1126 eum
832 1060 963 1124 Sturzio
987 1059 1044 1140 (ad
1065 1057 1145 1120 Hel-

140 1175 235 1241 lanio.
257 1175 298 1242 fr.
320 1196 392 1264 pag.
418 1175 489 1260 171)
512 1181 653 1248 statuet,
674 1187 734 1252 egro
764 1186 862 1229 unium
882 1160 965 1224 illud
987 1159 1143 1242 temporis

137 1281 321 1356 discrimen,
343 1259 431 1360 quod
452 1275 644 1340 nobilissimi
662 1271 786 1360 antiqui
807 1279 841 1330 et
862 1265 1062 1335 recentiores
1085 1262 1147 1326 cri-

136 1385 196 1452 tici
227 1391 412 1446 statuerunt
447 1377 569 1458 (Wolf.
601 1376 753 1456 Prolegg.
784 1390 856 1456 pag.
877 1369 977 1430 xlm.
1008 1374 1077 1428 not.
1099 1363 1145 1450 9),

137 1493 295 1560 interesse
326 1509 391 1550 non
414 1505 542 1548 censeo.
583 1485 765 1545 Homerum
799 1480 909 1540 lenem
938 1473 1037 1534 luisse
1068 1491 1144 1534 con-

135 1608 222 1662 stans
245 1595 345 1663 totius
368 1588 565 1675 antiquitatis
587 1587 673 1646 fama
701 1591 771 1660 est3
792 1579 832 1642 de
862 1576 992 1640 lenibus
1027 1583 1145 1654 autem,

136 1701 195 1785 qui
216 1700 249 1758 in
270 1695 456 1758 felicissima
493 1691 588 1754 Asiae
609 1685 742 1749 minoris
764 1682 897 1766 regione
918 1677 996 1740 laeti
1010 1689 1044 1738 et
1066 1697 1147 1758 opu·

136 1807 218 1873 lenti
239 1800 406 1878 virebant,
436 1816 566 1888 semper
588 1792 665 1854 mibi
691 1809 806 1854 versus
827 1796 1007 1848 memoratu
1029 1779 1148 1864 dignis-

136 1901 209 1968 simi
228 1898 337 1981 hymni
356 1897 390 1957 in
411 1893 597 1976 Apollinem
620 1891 699 1972 (ves.
724 1889 790 1954 151.
812 1886 897 1970 sqq.)
921 1891 1120 1947 occurrunt:

201 2042 294 2120 Φαιή
318 2035 345 2106 α’
366 2032 557 2106 ἀθανάτους
578 2029 635 2098 καί
656 2027 794 2112 (lyristae.
811 2025 950 2108 ἔμμεναι
972 2022 1059 2098 αἰέν,

200 2141 237 2218 ὅς
257 2139 325 2206 τότ’
345 2136 548 2212 ἐνταντιάσεί,
571 2133 618 2198 ὅτ’
637 2133 756 2208 Ἰάονες
777 2129 901 2216 sifredus
923 2129 1000 2204 εἷεν,

195 2245 327 2320 πάντων
348 2243 411 2329 γάρ
434 2268 488 2308 κεν
508 2242 612 2308 ἴδοιτο
631 2238 734 2324 χάριν
753 2240 913 2322 τέρψαιτο
935 2238 972 2301 di
991 2235 1112 2318 θυμόν,

197 2343 321 2431 ἄνδρας
341 2343 370 2412 τ’
394 2340 557 2428 εἰσορόων
579 2339 800 2420 καλλιζώνους
821 2364 856 2403 τε
877 2347 1036 2421 γυναῖκας

195 2446 278 2532 νῆάς
299 2445 326 2518 τ’
348 2444 477 2523 ω’κειάς,
497 2443 550 2529 q'd‘
568 2442 680 2510 adreio
699 2441 850 2527 κτήματα
870 2440 987 2510 πολλά,

219 2598 324 2658 Erant
349 2593 385 2655 hi
410 2591 523 2654 felices
556 2604 590 2654 et
620 2592 779 2674 ingeniosi
805 2590 987 2672 immines?
1005 2611 1144 2676 quorum

135 2699 215 2762 laeti
237 2698 334 2760 animi
365 2697 457 2759 nulla
488 2695 574 2760 tristi
600 2695 782 2781 tetrieaque
806 2695 972 2780 disciplina
992 2687 1142 2780 perversi

134 2821 244 2887 neque
265 2799 362 2864 dese
383 2819 493 2884 neque
520 2797 560 2859 de
593 2798 692 2860 rebus
724 2801 789 2860 suis
822 2821 963 2883 unquam
993 2796 1147 2881 despera·

134 2901 229 2981 leant3
262 2900 324 2984 ipsi
343 2899 506 2961 industrie
526 2907 559 2959 et
580 2899 742 2964 laboriose
763 2901 883 2984 paratis
905 2899 1002 2960 rebus
1024 2897 1145 2959 hilares

139 3003 351 3081 fruebantur-3
383 3001 581 3086 artiumque,
604 3023 683 3087 quas
718 3003 865 3065 studiose
892 3005 1079 3066 excolentes
1101 3001 1143 3062 ad

100 3091 103 3098 ¹
137 3112 303 3166 aeternam
321 3101 651 3186 pulchritudinis
673 3104 815 3185 speeiem
836 3105 949 3166 oculos
961 3123 1143 3187 manusque

137 3205 307 3286 dirigendo
329 3225 433 3289 prope
459 3225 618 3276 summum
648 3206 751 3267 laudis
781 3207 943 3289 fastigium
971 3207 1034 3268 iam
1067 3218 1139 3268 tum

137 3306 342 3386 efferebant,
375 3317 582 3370 monumenta
613 3309 782 3390 praeclara
809 3309 906 3390 primi
933 3307 1139 3390 statuebant3

136 3431 204 3476 uon
222 3411 271 3470 illi
291 3410 379 3472 inter
399 3431 489 3492 spem
508 3419 700 3494 metumque
730 3411 820 3472 dubii
851 3411 977 3474 desides
1000 3427 1032 3476 et
1052 3414 1138 3476 iner-

135 3526 185 3580 tes
206 3514 420 3592 vacillabant,
447 3533 553 3597 aeque
576 3512 651 3578 drun
673 3515 816 3596 praemia
839 3514 989 3580 laborum
1009 3517 1139 3602 assequi

136 3617 323 3698 studebant,
349 3619 480 3681 labores
507 3619 593 3702 ipsos
614 3617 886 3698 reformidabant,
911 3639 973 3682 neo
993 3621 1084 3684 vanis
1107 3634 1141 3684 et

136 3719 326 3782 immanibus
344 3719 508 3804 portentis
534 3721 643 3786 territi
662 3721 766 3782 laetos
791 3721 973 3786 animorum
999 3721 1142 3808 impetus

140 3825 337 3908 frangebant.
380 3826 478 3888 Cuius
500 3825 550 3887 rei
570 3823 686 3888 indicia
705 3828 738 3888 in
759 3825 897 3888 Homeri
917 3845 1049 3914 quoque
1070 3851 1141 3894 oar-

138 3927 275 3992 minibus-
295 3939 462 4012 apparent.
507 3929 721 3994 Observatum
744 3941 792 3992 est
812 3931 895 4010 aliis,
917 3956 983 3996 nen
1004 3953 1142 4002 cousen-

140 4031 203 4100 tire
225 4028 309 4096 inter
329 4051 387 4110 se,
417 4052 500 4120 qaae
522 4033 563 4102 de
594 4031 664 4096 lato
686 4045 719 4095 et
747 4031 883 4120 imperio
905 4037 1140 4124 voluntateque
