2722 4776
649 397 852 460 -1g..

249 574 507 647 composuerunt
539 545 629 650 qnasi
662 565 851 646 historiam,
884 581 921 630 ut
956 568 1053 630 iidem
1090 569 1271 633 historiam

251 667 343 748 quasi
376 679 547 748 poetarum
575 687 706 729 carmen
727 668 921 735 habuerunt.
952 673 1037 732 Hinc
1058 671 1158 732 mirae
1179 671 1268 733 iilac

251 765 425 830 varietates
448 768 480 828 in
502 767 714 849 genealogiis,
736 769 768 829 in
790 768 989 847 nominibus,
1011 767 1042 831 in
1062 769 1270 852 regionibus,

251 869 284 940 in
306 867 404 947 locis,
426 867 501 931 hinc
521 869 569 933 illi
592 871 658 932 late
673 868 790 932 'diffusi
813 872 980 956 patulique
1002 870 1185 934 fabularum
1209 893 1270 934 or-

251 973 319 1052 bes,
341 995 424 1058 quos
446 971 643 1038 concludere
665 975 801 1036 inaximo
824 972 935 1036 iabore
954 975 1087 1037 -fru'stra
1115 975 1271 1038 connita-

251 1075 314 1152 ris3
356 1070 432 1135 hino
468 1074 593 1134 facetae
624 1084 658 1136 et
679 1073 865 1156 ingeniosae
886 1072 1050 1135 nominum
1072 1071 1270 1154 allegoriae,

251 1197 335 1260 quac
356 1175 516 1239 mutandis
539 1178 677 1264 antiquis
708 1177 824 1240 tabulis
854 1177 1028 1262 plurimam
1055 1177 1265 1238 occasionem

229 1280 490 1365 praebuerunt,
516 1279 591 1342 hinc
613 1281 740 1344 acriora
762 1279 868 1342 studia
888 1281 1033 1362 gentium
1054 1289 1153 1364 atque
1182 1278 1260 1340 ciri·

248 1394 368 1466 tatum,
399 1379 560 1468 singulare
583 1385 705 1471 aliquid
726 1399 760 1450 et
786 1385 964 1450 inauditum
992 1383 1161 1462 narrandi,
1190 1403 1257 1467 quo

248 1489 415 1551 excellere
436 1487 497 1548 sibi
517 1485 724 1552 videbantur.
887 1549 890 1554 ,

248 1629 252 1638 ,
333 1590 524 1674 Sequuntur
544 1589 658 1672 tragici
679 1597 817 1671 poetae,
844 1589 900 1672 qui
920 1585 1046 1650 fabulas¹
1067 1602 1085 1647 e
1107 1605 1257 1652 connexu

175 1711 179 1731 ’
253 1689 412 1754 tollebant
434 1701 468 1752 et
487 1705 525 1753 ut
545 1692 578 1754 in
598 1714 693 1754 usum
715 1715 808 1755 suum
820 1703 1054 1756 converterent
1074 1692 1257 1756 accuratius

148 1849 151 1858 .
248 1793 392 1878 singulas
415 1792 622 1873 enarrabant,
642 1795 686 1856 ita
708 1804 827 1871 tamen,
847 1803 885 1856 ut
905 1796 966 1856 alia
981 1796 1179 1874 omitterent,
1200 1793 1257 1855 ad-

249 1891 375 1958 derent
395 1893 475 1974 alia,
506 1902 609 1980 prout
630 1895 781 1960 dramatis
804 1897 993 1960 oeconomia
1023 1899 1191 1982 postutare
1211 1897 1261 1958 ri·

252 1996 410 2081 deretur3
453 2019 527 2063 oum
564 2017 644 2065 vero
681 1995 767 2064 idem
805 2009 1032 2084 argumentum
1071 1993 1258 2088 complures

252 2109 372 2189 poetae
405 2103 578 2166 dramatico
611 2103 854 2183 describerent,
885 2099 1127 2166 confundebant
1156 2103 1261 2164 varias

148 2195 152 2206 ’
252 2201 391 2283 sabaiet,
414 2211 538 2266 utnon
559 2204 658 2265 semel
680 2202 854 2284 Euripides
876 2203 969 2279 fecit,
993 2205 1047 2264 aut
1068 2203 1164 2264 aliter
1185 2223 1262 2263 ean-

253 2305 330 2368 dem
363 2309 477 2366 eontra
513 2312 685 2386 poetarum
721 2302 872 2368 traditam
903 2302 1124 2365 narrationem
1159 2299 1260 2384 finge·

255 2407 344 2487 bant,
366 2406 451 2471 unde
470 2407 600 2471 omnino
614 2408 749 2472 maxima
763 2405 1019 2490 exoriridebnit
1034 2408 1176 2470 varietas
1202 2405 1258 2489 ’ὓς

256 2508 347 2596 quod
368 2531 408 2576 eo
429 2511 560 2575 maioris
581 2521 652 2574 erat
673 2512 844 2590 momenti,
874 2525 1024 2596 quaeqae
1048 2511 1187 2574 varietas
1219 2531 1257 2572 eo

257 2615 353 2676 iatius
375 2622 475 2699 patet,
497 2614 572 2698 quia
593 2633 635 2678 ex
656 2613 705 2674 his
727 2613 804 2699 ipsis
831 2613 961 2696 tragicis
983 2613 1087 2697 poetis
1109 2617 1255 2696 tanquam
1326 2677 1330 2684 ,

257 2719 340 2784 vivis
362 2715 504 2778 sontibus
536 2716 737 2778 recentiores
758 2712 985 2798 mythographi
1012 2714 1108 2778 velut
1128 2713 1252 2797 Apollo·

257 2823 358 2885 dorus
380 2814 568 2884 hauserunt.
611 2818 740 2879 Caeteri
759 2826 867 2880 autem
889 2831 1028 2904 poetae,
1063 2814 1141 2881 dunt
1169 2815 1258 2880 iabu-

257 2930 306 2990 tas
329 2935 583 2990 commemorant
602 2927 656 2988 'vel
678 2945 717 2988 ex
737 2923 871 2988 historia
884 2927 1023 3010 mythice
1044 2927 1261 3008 exemplasse

259 3031 404 3113 etigunt,
440 3029 578 3110 tragicos
608 3027 763 3110 imprimis
797 3039 1028 3110 respexerunt}
1064 3027 1154 3113 quod
1184 3045 1263 3110 prae

260 3134 331 3194 aliis
360 3133 394 3192 in
415 3128 522 3194 Ovidii
544 3128 743 3192 'carminibus
773 3143 931 3213 apparet,
960 3129 993 3190 in
1024 3130 1141 3215 quibus
1171 3146 1264 3210 argu-

261 3243 371 3296 ments
394 3231 638 3316 tragoediarum
669 3239 701 3292 et
733 3233 1109 3315 iatina1·unt,praecipue
1140 3223 1267 3314 integra

263 3333 427 3415 leguntur.
470 3327 571 3427 Quod
590 3347 662 3390 cum
683 3331 881 3414 tragicorum
901 3334 1101 3396 narrationes
1123 3351 1141 3392 a
1164 3331 1266 3413 pluria

275 3457 555 3475 m

216 3577 223 3584 ,
303 3525 336 3586 ¹³)
356 3518 498 3578 Herodot.
527 3527 567 3590 li,
597 3523 894 3597 medensem-103
922 3528 955 3582 ef
970 3519 1077 3588 Schitta
1096 3517 1267 3595 addentia,

340 3613 421 3665 Pers.
438 3631 502 3686 pag.
519 3616 652 3686 dagam.
672 3625 701 3668 t.
720 3617 792 3672 1586.
812 3616 909 3672 Schol.
931 3618 964 3672 ll.
984 3639 1003 3682 e,
1016 3619 1069 3684 448
1087 3625 1117 3671 et
1137 3617 1269 3686 saepius.

343 3702 429 3756 Serv.v
443 3703 480 3756 ad
496 3707 568 3756 Aen.
590 3705 650 3770 Vll,
667 3707 730 3760 deo.
750 3707 833 3760 vata.
853 3707 945 3763 Diatr.
976 3723 1042 3778 pag.
1062 3723 1110 3773 ona
1130 3705 1168 3758 ed
1185 3705 1266 3776 Lips,

342 3793 465 3847 Pausan.
492 3775 564 3859 ist,
591 3801 624 3861 33
659 3793 709 3866 qui
728 3793 809 3850 locus
829 3785 1026 3858 demonstrat,
1057 3791 1130 3866 qnid
1160 3787 1266 3846 de'fa-

252 3947 254 3954 γ
343 3881 423 3935 bulis
441 3882 618 3954 tragicorum
639 3883 825 3940 statuendum
845 3886 883 3940 sit
911 3895 940 3938 et
957 3881 1109 3958 quomodo
1136 3884 1205 3938 iliae
1224 3894 1267 3938 ta-

278 4017 292 4047 ,
337 3985 403 4032 taen
424 3979 536 4032 animos
554 3969 705 4033 hominum
724 3981 935 4054 occupaverint
961 3992 991 4036 et
1017 3993 1146 4036 retorem
1163 3994 1267 4034 memo-

338 4069 412 4123 riam
432 4068 606 4136 deiererint,
625 4071 718 4126 docet.
780 4072 782 4076 ’
