2626 4768
452 428 676 492 ...1p5...

136 595 305 660 Thersites
327 593 381 658 bic
401 582 512 679 A‘grii,
533 596 589 681 qui
610 596 714 658 frater
737 594 844 659 Oenei
867 607 953 674 erat,
973 592 1059 656 lilius

29 701 208 764 Diomedi
229 699 391 762 affinitate
411 701 539 763 iunctus
562 708 651 779 erat,
672 697 714 762 cf.
737 699 773 764 ll.
795 701 822 777 ξ,
846 713 920 781 ¹¹73
948 697 1059 790 Quint.

32 805 122 868 Sm.
152 807 177 883 l,
204 803 282 888 7693
315 800 465 867 Eustath.
499 800 538 862 ad
570 803 606 867 ΙΙ.
637 803 668 882 β,
697 817 774 870 arcs
804 797 880 860 binc
913 801 1060 882 quaestio

35 917 172 972 exorta
192 907 279 991 apud
299 918 429 970 veteres
452 907 700 986 Grammaticos,
722 907 779 992 qui
799 927 874 969 eum
894 905 984 988 regio
1006 923 1061 986 ge-

35 1027 137 1072 nere
160 1006 334 1068 oriundum
360 1015 398 1068 ut
427 1006 588 1092 devulgo
611 1007 1062 1092 hominemsceptroverbe·
1112 1069 1116 1078 ,

43 1134 132 1176 rare
158 1113 285 1194 Ulysses
306 1111 479 1193 potuisset,
499 1111 575 1174 vide
592 1111 701 1174 Schol.
723 1110 762 1171 ad
784 1111 821 1173 ΙΙ.
843 1113 874 1190 β,
896 1129 969 1188 a123
992 1114 1061 1180 ala.

44 1213 122 1276 Sed
152 1213 320 1276 Thersites
360 1211 395 1272 in
432 1211 665 1295 antiquioribus
700 1211 891 1274 carminibus
932 1211 1063 1274 easdem

43 1333 168 1403 partes
189 1317 324 1412 bominis
353 1315 466 1378 insulsi
488 1325 522 1377 et
541 1329 679 1400 propter
700 1317 836 1380 formam
857 1327 893 1380 et
914 1318 1062 1400 corporis

46 1421 277 1482 infirmitatem
297 1418 427 1482 ridiculi
448 1417 579 1500 agebat,
607 1427 644 1480 ut
664 1419 698 1480 in
718 1418 912 1480 carminibus
935 1417 976 1481 de
996 1421 1063 1482 Me-

48 1530 182 1611 leagro,
204 1528 261 1612 qui
283 1547 358 1590 eum
379 1541 569 1608 suspensum
589 1507 827 1604 loris'discidm
845 1525 886 1589 cf.
899 1527 1025 1592 Eustl.
1038 1526 1062 1589 l.

51 1628 125 1722 Qui
146 1637 254 1690 antem
281 1625 415 1689 affinem
442 1645 517 1686 eum
537 1625 703 1688 Diomedis
725 1625 852 1706 dieunt,
884 1626 932 1688 his
967 1625 1063 1688 aliam

53 1729 282 1814 quaestionem
303 1751 491 1814 proponere
510 1751 695 1815 possemus,
717 1732 773 1816 qui
792 1731 985 1810 Diomedes,
1008 1753 1062 1795 cu·

55 1833 108 1895 ius
136 1855 217 1898 avus
244 1834 284 1895 ab
305 1834 399 1916 Agrii
425 1833 536 1896 liberis
566 1834 689 1896 eiectus
712 1856 729 1898 e
750 1855 852 1920 regno
875 1849 955 1916 erat,
976 1835 1063 1898 hune

56 1937 150 2018 Agrii
166 1935 270 1998 filium
289 1936 459 1998 immemor
473 1935 609 1998 iniuriae
629 1957 689 1998 avo
701 1935 810 1997 illatae
832 1935 1062 1997 eontraAcbil·

59 2040 129 2101 lem
153 2038 345 2118 defenderit,
365 2037 423 2101 sed
442 2045 517 2100 utut
541 2050 600 2116 est,
628 2036 822 2100 Diomedem
850 2036 892 2098 ob
911 2045 1062 2098 necatum

64 2148 248 2210 Thersitam
268 2144 385 2204 iratum
406 2161 494 2204 arma
523 2151 637 2204 contra
656 2139 819 2201 Achillem
848 2142 986 2203 movisse
1015 2139 1061 2202 di·

64 2258 157 2326 cunt,
186 2259 220 2310 et
240 2245 296 2310 vix
324 2243 364 2306 ab
393 2243 462 2304 aliis
482 2241 682 2326 prohibitum
703 2260 784 2320 esse,
807 2243 848 2304 cf.
872 2243 984 2339 Quint.
1026 2247 1062 2307 ln

62 2348 256 2434 Aethiopide
281 2345 491 2424 narrabatur,
522 2344 698 2407 tumultum
726 2344 769 2406 ob
794 2343 827 2406 id
854 2346 888 2406 in
916 2347 1063 2410 exercitu

60 2447 182 2525 factum
204 2467 274 2511 esse
295 2457 331 2509 et
342 2446 503 2508 Achillem
519 2443 662 2507 Lesbum
684 2443 856 2508 advectum
876 2461 952 2529 post
972 2467 1063 2510 sacra

64 2549 148 2612 facta
170 2550 210 2611 ab
231 2553 346 2634 Ulysse
367 2550 530 2634 expiatum
551 2567 633 2612 esse.
675 2548 858 2613 Thersitam
879 2564 956 2635 post
975 2574 1063 2614 mor-

65 2665 132 2714 tem
151 2651 286 2714 Ac'billis
317 2651 437 2714 vixisse
458 2648 641 2732 Sophocles
661 2648 799 2716 Philoct.
826 2645 897 2726 442,
923 2650 985 2721 445
1015 2654 1062 2714 in·

62 2762 153 2841 nuit,
180 2759 268 2845 quod
295 2771 408 2822 contra
434 2756 602 2818 historiam
630 2773 700 2816 esse
728 2755 896 2816 contendit
919 2755 1064 2818 Scholia·

63 2877 138 2929 stes.
178 2861 230 2924 Ab
252 2861 380 2924 Achille
400 2858 640 2922 Penthesileam
661 2860 820 2942 sepultam
843 2879 915 2922 esse
930 2861 1063 2923 Servius

67 2965 106 3027 ad
126 2969 205 3026 Aen.
238 2966 263 3041 1,
291 2968 361 3048 491,
384 2985 401 3022 a
422 2960 569 3025 Troianis
601 2960 689 3022 iuxta
714 2962 901 3044 sepulcrum
928 2963 1065 3024 Laome

27 3059 31 3064 ’
68 3063 170 3124 dontis
201 3061 341 3157 Quintus
376 3060 463 3140 dicit.
504 3063 610 3142 Negat
644 3061 773 3122 omniuo
808 3063 988 3123 Amazones
1022 3061 1063 3123 ad

67 3163 188 3231 bellum
211 3164 387 3227 Troianum
407 3165 535 3226 venisse
554 3164 770 3242 Philostratus
785 3165 865 3225 Her.
887 3184 919 3245 p.
937 3165 1008 3241 725.
1021 3167 1063 3228 A.

66 3267 114 3326 Ita
140 3279 177 3327 ut
196 3264 350 3348 Virgilius
373 3262 470 3344 (Aen.
487 3263 514 3341 ·1,
537 3263 611 3346 490)
640 3263 784 3345 reginam
812 3261 984 3344 describit,
1017 3251 1066 3348 pi·
1178 3309 1183 3319 .

68 3376 150 3428 elam
170 3364 299 3428 viderat
318 3363 488 3424 Pausanias
511 3361 567 3442 (X,
587 3364 638 3440 31,
660 3363 717 3444 8.).
743 3381 751 3404 ·
798 3370 808 3406 l

146 3466 292 3530 Nouius
312 3466 415 3526 multa
434 3475 528 3546 post,
560 3464 709 3545 sequenti
737 3462 790 3526 die
822 3474 859 3528 ut
879 3465 990 3549 Dictys
1010 3466 1066 3548 ait,

69 3569 217 3630 Memnon
239 3585 311 3628 eum
333 3565 477 3628 exercitu
497 3562 696 3645 Aethiopum
716 3562 859 3629 advenit.
894 3547 982 3630 'Erat
1009 3568 1066 3630 ille

72 3667 201 3730 Tithoni
228 3675 263 3728 et
280 3668 427 3728 Aurorae
461 3663 570 3743 iilius,
605 3675 639 3724 et
669 3663 798 3725 Priamo
836 3663 909 3728 ideo
947 3667 1067 3748 affinis,

72 3795 165 3859 quam
194 3773 385 3838 affinitatem
414 3791 558 3850 causam,
593 3789 651 3832 eur
673 3769 870 3852 advenisset,
902 3783 978 3834 sunt
1009 3773 1066 3856 qui

71 3876 217 3942 habeant.
259 3879 395 3940 Matrem
424 3877 491 3936 eius
513 3874 688 3957 Aeschylus
723 3899 787 3938 non
814 3868 977 3940 Auroram
1007 3873 1080 3938 sed'

74 3978 202 4042 Cissiam
231 3977 373 4059 dixerat,
404 3978 512 4042 Strab.
539 3980 610 4045 XV.
640 3999 711 4062 pag.
738 3979 813 4060 7283
844 3977 957 4061 steph.
985 3981 1064 4062 Byz.

74 4099 99 4144 s.
115 4099 145 4145 v.
167 4079 293 4144 Σοῦσα.
334 4080 414 4142 Susa
437 4079 521 4144 enim
552 4077 631 4154 urbs
657 4079 698 4142 ah
718 4099 759 4142 ec
789 4077 919 4143 condita
940 4093 996 4145 aut
1017 4099 1065 4146 se·
