2722 4776
478 413 680 528 ...gp-

82 587 306 672 Astyoclte.
328 587 370 649 οἳ.
393 581 568 668 Apollod.3
597 581 689 645 addit
712 592 884 664 praeterea
903 583 1017 643 Trete.
1047 579 1089 642 ad

83 695 216 777 Lyc.91
240 688 521 771 Aethyllamet
539 685 858 766 Medericasten,
881 707 1088 770 quarumna-

82 797 168 857 mina
186 793 227 854 od
246 789 528 872 versum1o7dex
546 789 752 873 Apollodoro
770 787 873 850 allero
892 787 980 867 dicit,
1002 785 1089 870 apud

81 895 181 984 quem
202 907 312 959 tamen
333 915 398 955 non
418 893 583 976 leguntur.
624 895 718 972 Rem,
740 895 996 976 quamusetzes
1017 915 1089 955 nar·

79 1013 151 1075 rat,
172 995 258 1058 inira
281 988 487 1078 exponemus.
529 993 715 1076 Aethyllam
736 993 882 1056 nominat
904 995 1017 1056 Conon
1039 1017 1089 1078 ap.

81 1102 181 1166 Phot.
202 1124 288 1168 narr.
318 1103 363 1164 13.
389 1123 464 1185 pag.
493 1121 562 1168 eor.
605 1100 883 1185 Clytodoram
917 1111 1089 1184 praeterea

84 1204 256 1287 Dionysius
279 1205 301 1265 l.
323 1204 346 1269 Ι.
367 1223 452 1288 quae
473 1202 625 1266 Assaraci
645 1202 710 1264 lilia
731 1201 843 1266 fuerit.

166 1308 317 1369 Priamus
340 1307 450 1391 itaque
473 1318 549 1391 post
568 1308 825 1372 Laomedontem
846 1288 1004 1391 regnavit,
1027 1307 1091 1368 cla-

83 1430 140 1471 rus
162 1430 227 1470 non
247 1418 313 1470 tarn
333 1406 442 1482 rebus·
455 1408 575 1490 gestis,
597 1428 734 1490 quarum
756 1408 869 1490 exigua
902 1427 988 1470 nunc
1021 1409 1091 1492 qui-

84 1509 157 1572 dem
178 1521 332 1592 superest
351 1508 518 1588 memoria,
540 1516 579 1568 ut
600 1507 640 1569 de
661 1507 751 1569 bello
774 1519 888 1571 contra
910 1509 1091 1570 Amazones

84 1611 137 1691 (ll.
159 1633 189 1692 γ,
216 1610 299 1695 169),
322 1592 504 1694 quanqudm
527 1607 669 1693 antiquis
682 1609 877 1671 carminibus
899 1611 1011 1672 laudes
1023 1611 1091 1673 eius

83 1713 265 1776 celebrates
297 1712 399 1776 fuisse
429 1723 573 1776 statuere
605 1733 796 1796 possumus,
830 1713 872 1782 cf.
904 1716 942 1778 ll.
966 1714 993 1792 ζ,
1021 1719 1092 1790 446,

82 1837 181 1900 quam
208 1824 305 1878 notus
335 1815 420 1878 fama
443 1816 678 1894 calamitatum,
713 1835 795 1901 quos
828 1837 928 1879 senex
954 1817 1093 1900 pertulit

73 1919 247 1982 innocens.
289 1919 320 1980 A
341 1917 503 1980 Strabone
526 1937 600 1980 eum
620 1941 683 2002 pro
705 1917 875 1987 conditore
895 1925 989 2003 regni
1010 1923 1093 1982 Tro·

80 2021 147 2084 iani
168 2021 311 2105 quodam
330 2019 430 2079 modo
450 2018 564 2079 haberi
584 2037 684 2100 supra
705 2023 965 2087 commemoravi.

167 2125 312 2184 Uxorem
332 2121 470 2204 primam
492 2120 621 2182 duxisse
648 2120 768 2183 dicitur
789 2123 930 2186 Arisbsn
950 2125 1114 2214 Meropis·

82 2224 230 2285 Percosii
259 2221 379 2302 filiam,
411 2223 498 2284 unde
526 2232 620 2284 natus
642 2223 837 2305 Aesacos,
872 2227 929 2312 qui
955 2227 1093 2310 coniuge

81 2327 258 2409 Asteropa,
280 2323 422 2388 Cebreni
442 2322 518 2404 lilia,
540 2347 637 2410 quam
652 2325 798 2406 duxerat,
819 2331 991 2392 immature
1007 2353 1093 2394 mor·

84 2442 144 2492 tua
164 2430 223 2492 tali
243 2447 397 2492 moerore
417 2446 590 2511 percussus
613 2434 687 2521 estu,
721 2441 758 2490 ut
779 2431 815 2492 in
837 2450 929 2495 avem
951 2445 1093 2496 mutare·

83 2543 150 2612 tur,
191 2531 348 2614 Apollod.
367 2533 424 2610 lll,
450 2533 686 2610 12,5.Tzetz.
716 2531 756 2592 ad
776 2536 854 2615 Lyc.
877 2541 946 2607 aad.
987 2538 1094 2600 Aliam

84 2634 127 2697 de
149 2655 189 2696 co
210 2633 432 2696 narrationem
448 2632 582 2697 Ovidius
597 2635 674 2696 lllet.
698 2635 754 2715 xl,
776 2642 837 2722 749
860 2642 1015 2726 sequitur,
1037 2665 1092 2704 na.

83 2749 155 2804 tum
176 2761 252 2803 eum
273 2741 375 2804 fuisse
397 2760 437 2803 ex
457 2738 653 2802 Alexirrhoe
675 2741 738 2816 (sic
759 2745 831 2828 lege
854 2769 986 2834 quoque
1008 2751 1094 2834 apud

83 2846 232 2908 Lactant.
251 2843 358 2924 Plac.)
402 2841 535 2904 Granici
556 2839 640 2921 lilia3
662 2860 803 2931 cumque
825 2847 974 2933 nympha,
997 2873 1092 2938 quam

85 2969 196 3010 amore
218 2950 286 3011 eius
308 2946 482 3031 deperiens
503 2944 781 3036 persequebatur,
809 2949 917 3031 ipsum
950 2951 1093 3037 lugeret,

87 3060 122 3110 et
141 3047 267 3130 fugiens
288 3071 398 3111 morsu
432 3047 593 3130 serpentis
626 3047 690 3110 iota
722 3048 917 3131 interiisset,
949 3056 1093 3122 Aesacos

84 3151 119 3214 in
140 3171 230 3214 mare
262 3171 297 3213 se
326 3152 539 3234 praecipitem
560 3149 660 3230 dedit,
692 3151 733 3214 cf.
755 3155 846 3222 Serv.
868 3157 909 3220 ad
930 3161 1012 3224 Aen.
1036 3165 1093 3246 IV,

86 3253 162 3335 2543
183 3256 267 3314 Lact
287 3252 378 3315 Plau.
399 3254 456 3335 xl,
482 3276 527 3318 tt.
549 3253 680 3315 Clarum
701 3273 787 3318 cum.
805 3271 875 3320 arte
897 3263 1092 3328 vaticinandi

86 3359 186 3421 fuisse
217 3355 353 3420 tradunt
380 3356 534 3440 Apollod.
564 3361 675 3421 Tzetz.
701 3359 737 3432 ll.
767 3361 821 3442 ll.;
849 3359 958 3432 Schol.
987 3367 1024 3431 ll.
1054 3394 1091 3445 ω,

84 3471 157 3551 497.
205 3463 348 3528 Arisben
375 3465 485 3544 Paridi
525 3485 656 3552 quoque
685 3487 820 3530 uxorem
854 3469 1017 3553 tribuunt,
1050 3475 1090 3540 lle

28 3607 37 3618 ,
71 3551 150 3650 'qua
171 3561 256 3624 inlrc
275 3584 383 3626 sermo
413 3563 485 3630 crit.
505 3597 545 3610 —-
567 3563 785 3627 Alexirrhoen
806 3567 961 3631 Arlantlri
989 3571 1091 3635 liliam

84 3675 219 3748 practer
238 3664 378 3728 Arishen
399 3677 433 3728 ct
453 3665 624 3728 Laolhocn
646 3665 741 3725 Altae
762 3663 863 3726 filiam
885 3689 1004 3732 uxores
1019 3673 1091 3734 Pri-

88 3769 150 3828 ami
169 3769 315 3830 nominat
335 3767 443 3834 Schol.
465 3768 500 3835 ll.
531 3769 553 3832 l.
576 3767 597 3832 l.
618 3765 661 3828 cf·
691 3766 731 3827 ad
753 3768 789 3828 ll.
813 3791 850 3853 φ,
871 3771 923 3834 85.
964 3775 1090 3834 Harum

87 3891 301 3958 quaeeunque
322 3873 452 3934 tandem
473 3871 566 3954 prior
586 3890 670 3932 uxor
690 3871 752 3931 fnit
774 3889 844 3932 eam
866 3872 984 3936 dimisit
1000 3875 1090 3938 Pria·

85 4003 168 4059 mus,
191 3979 259 4044 sire
280 3983 438 4063 Hyrtaeo,
459 3986 497 4038 ut
518 3978 562 4039 ait
583 3979 739 4058 Tectum,
761 3978 938 4058 concessit,
962 3969 1003 4040 'et
1023 3981 1090 4042 Hes

84 4083 199 4144 cubam
221 4081 320 4148 duxit.

843 4161 883 4224 ,.
