2722 4776
632 403 832 466 -.1<,r-

234 577 320 632 artes
344 587 417 630 cum
438 566 595 656 religione
617 571 811 638 coniunctae
833 584 926 640 erant
946 547 1141 656 ebtiquitus,
1162 595 1243 658 pau·
1353 587 1354 640 l

235 669 325 732 latim
347 655 537 736 dissolitum
564 693 602 734 ac
624 671 739 739 deinde
762 675 931 742 discissum
953 677 1013 762 eil3
1051 677 1142 762 quod
1161 700 1243 742 non-

233 772 295 834 nisi
331 774 485 838 extremis
510 775 655 838 Graecae
694 777 854 842 libertatis
896 780 1098 864 temporibus
1132 781 1241 863 aliquo

235 880 362 933 tantum
383 871 482 934 modo
502 872 628 940 factum
650 895 721 938 esse
743 888 879 948 constat.

314 983 370 1062 At,
390 981 517 1064 inquiet
536 983 675 1046 fortasse
697 982 834 1065 aliquis,
855 1001 964 1044 nonne
990 1001 1074 1063 quae
1102 999 1240 1064 poeseos

233 1089 421 1151 intuuntur
442 1085 543 1166 initia,
566 1085 720 1170 τηλεταί,
740 1083 910 1172 χρησμοί,
932 1083 1113 1170 καθαρμοὶ,
1135 1108 1241 1167 παρα-

238 1183 371 1262 λύσεις,
403 1184 533 1263 ,α’κέσεις
553 1185 676 1264 νόσων,
710 1191 855 1272 aliaeque
876 1188 1075 1268 incantandi,
1108 1188 1239 1254 curandi

234 1288 385 1366 morbos,
406 1301 441 1352 ct
460 1288 655 1356 vaticinandi
676 1291 836 1358 formulae
871 1291 946 1354 satis
981 1298 1095 1372 aperte
1115 1309 1234 1354 sacram

174 1403 180 1410 ·
234 1389 303 1450 eius
326 1389 482 1472 originem
517 1388 732 1474 comprobant
760 1411 919 1478 usumque
946 1388 1120 1471 definiunt,
1152 1400 1186 1460 et
1220 1411 1237 1449 a

234 1493 351 1577 quibus
374 1495 501 1562 exculta
523 1503 575 1574 ait,
597 1495 735 1564 edocent
743 1518 753 1576 3
783 1518 823 1559 an
844 1496 989 1580 quaeda
1011 1496 1165 1582 Orpheo,
1186 1497 1241 1562 Li-

232 1623 295 1681 no,
316 1603 467 1679 Musaeo,
497 1603 630 1683 aliisque
653 1600 805 1665 dicuntur
826 1605 906 1664 falsa
926 1613 1041 1668 cuncta
1063 1618 1173 1687 putas,
1199 1615 1237 1664 ut

232 1722 273 1768 no
294 1705 448 1786 respicias
468 1705 618 1786 quidem3
648 1724 756 1767 nonne
777 1707 941 1774 Homerus
970 1707 1039 1790 ipse
1061 1707 1142 1768 tales
1171 1707 1238 1768 sor·

232 1814 335 1875 mulas
364 1812 470 1893 norit,
499 1811 615 1894 quibus
647 1811 774 1894 sanguis
803 1831 822 1873 e
857 1812 994 1881 attiners
1023 1808 1126 1876 fluens,
1160 1810 1241 1877 reti

231 1915 397 1982 uebatur?

206 2015 216 2029 ’
291 2025 485 2087 -Formulae
513 2023 588 2093 illue
610 2022 757 2086 solennis
779 2022 882 2087 verba
898 2031 1000 2100 crant,
1016 2029 1038 2084 'a
1050 2019 1142 2085 Livio
1155 2040 1241 2102 quo«

230 2145 296 2208 que
318 2126 459 2187 carmina
480 2125 655 2206 nominata,
678 2146 761 2208 quae
781 2145 842 2185 usu
866 2134 900 2188 et
921 2133 1239 2192 vetustatesanctarn

231 2229 458 2290 auctoritatem
481 2237 515 2290 et
535 2232 601 2290 vim
632 2227 829 2308 peculiarem
858 2227 980 2289 habere
1008 2227 1238 2306 credebantur,

231 2339 266 2390 et
295 2348 334 2390 co
369 2329 532 2407 tenacius,
560 2328 649 2414 quod
677 2328 794 2391 litteris
824 2329 973 2394 mandata
994 2312 1067 2391 non
1094 2329 1239 2406 fuerant,

230 2431 387 2492 memoria
410 2431 605 2495 tenebantur
627 2432 666 2493 ab
688 2432 826 2516 antiquis
850 2446 883 2495 et
904 2430 1057 2513 religiose
1074 2429 1238 2497 custodie«

230 2534 365 2617 bantur3
394 2536 450 2604 illa
472 2550 590 2616 eutem,
613 2537 728 2621 quibus
750 2539 887 2602 uulnera
914 2555 1025 2598 sanare
1053 2533 1233 2612 stutlebaut,

232 2619 313 2705 tanti
353 2640 499 2704 l'uoienda
518 2641 591 2703 'non
623 2652 713 2703 sunt:
746 2649 824 2703 tuno
851 2641 935 2709 enim
970 2641 1008 2700 iis
1046 2638 1229 2711 utebantur,

230 2745 403 2824 postquam
433 2742 585 2803 membris
612 2743 708 2804 laesis
730 2752 805 2825 epte
829 2742 1059 2824 circumligatis
1088 2738 1223 2804 remedie

231 2848 383 2908 salutaria
427 2848 662 2930 imposuerant3
700 2847 811 2932 quales
849 2847 1004 2908 formulas
1036 2847 1162 2930 Plinius,
1189 2843 1229 2917 ¹²)

233 2951 350 3012 multas
372 2949 560 3034 descripsit,
583 2953 711 3015 omnino
733 2952 770 3013 iis
804 2951 942 3027 similes,
971 2949 1089 3032 quibus
1115 2957 1237 3010 matres.

168 3103 177 3121 t
234 3055 400 3142 hodieque
434 3069 581 3137 utuntur,
603 3081 679 3127 cum
697 3057 789 3120 lilioli
810 3057 944 3138 digitum
965 3067 1089 3120 temere
1111 3055 1238 3117 laesum¹

231 3161 488 3244 circumligatum
526 3163 661 3228 linteolo
703 3158 824 3226 blande
851 3155 983 3234 alilanr,
1019 3159 1235 3240 vorsulosquc

230 3259 412 3330 decantant.
444 3301 484 3314 -
516 3269 638 3328 Poetae
667 3277 775 3329 autem
811 3263 874 3340 illi,
908 3281 1046 3349 quorum
1076 3259 1165 3320 nulla
1199 3257 1237 3324 in

228 3369 367 3430 Homeri
389 3368 580 3438 carminibus
593 3378 681 3434 extat
692 3368 857 3446 memoria,
880 3367 939 3427 etsi
953 3365 1113 3448 principes
1128 3360 1233 3423 omnis

230 3468 375 3531 Graecae
412 3489 551 3552 poeseos
582 3491 599 3535 a
632 3466 795 3538 nonnullis
824 3466 1024 3532 habebantur
1046 3475 1079 3524 ot
1111 3461 1233 3522 baben-

229 3583 294 3647 tur,
315 3589 423 3655 neque
444 3571 567 3632 meritis
589 3589 695 3652 neque
725 3571 795 3631 iure
818 3569 963 3652 quaesita
984 3566 1175 3628 alletoritate
1199 3573 1235 3630 et

228 3675 331 3754 gloria
354 3673 475 3735 ilorerc
503 3672 580 3736 mibi
608 3675 771 3740 ridcntur,
810 3671 911 3734 Unius
945 3669 1029 3754 apud
1050 3673 1233 3734 Homerum

230 3801 348 3841 nomen
369 3780 503 3862 legitur,
543 3778 761 3872 Tharupridis,
783 3801 879 3864 quom
901 3781 952 3848 uir
973 3778 1175 3862 doctissimus
1197 3780 1235 3849 in
1307 3791 1314 3802 ’

228 3938 510 3951 Ἣ

266 4050 299 4114 ¹²)
318 4031 390 4101 Ptin,
410 4049 444 4100 H.
463 4049 495 4100 N.
516 4005 622 4107 llvllli,
637 4047 774 4119 pluribus
796 4046 879 4100 locis.
