2626 4768
446 417 651 484 ..o-1..

52 595 195 654 Tnetaes
217 589 258 651 ad
278 609 309 653 v.
333 589 410 668 5803
438 593 558 651 amicus
580 602 688 652 autem
709 588 870 652 Anchisae
891 588 990 670 fuisse
1011 589 1058 653 di·

53 696 145 758 citur
165 693 347 775 uvirgilio,
370 693 426 776 qui
447 691 487 752 ad
509 711 583 754 eum
602 695 637 752 in
655 692 771 755 itinere
792 693 850 753 illo
872 693 905 753 in
927 693 1058 754 Graeci·

52 806 203 860 amante
223 796 349 858 bellum
370 798 547 859 Troianum
567 819 631 858 une
651 816 725 859 eum
745 797 875 861 Priamo
904 807 1058 881 suscepto

51 908 202 978 venerat,
224 899 266 960 cf.
298 917 396 980 supra
422 920 493 981 cap.
521 902 561 978 II,
591 899 656 959 hoc
685 919 817 982 quoque
852 901 984 964 Servius
1019 897 1060 959 ad

51 1009 149 1087 Virg.
170 1006 193 1065 1.
213 1005 236 1067 I.
255 1004 380 1082 innuit,
412 1005 504 1066 cuius
534 1004 635 1068 verba
661 1017 770 1067 tamen
798 1025 873 1064 sana
898 1025 964 1066 non
984 1009 1062 1064 sunt

57 1119 96 1170 et
123 1111 203 1171 mire
235 1111 462 1172 contaminata
502 1107 665 1192 Apollinis
696 1110 730 1168 in
757 1109 864 1169 insula
895 1108 982 1170 Delo
1012 1125 1061 1167 sa·

59 1209 175 1272 cerdos
201 1220 273 1270 erat
298 1209 421 1289 Anius,
455 1231 522 1294 qno
551 1229 626 1270 cum
656 1207 788 1270 Troiam
815 1205 1061 1290 proficiscentes

59 1311 180 1372 Graeci
207 1311 428 1394 appulissent,
456 1323 589 1372 cunctos
610 1309 752 1391 hospitio
780 1309 909 1392 excepit
941 1315 975 1368 et
1000 1327 1063 1389 per

62 1412 176 1474 decem
203 1411 284 1474 belli
304 1432 405 1475 annos
435 1431 470 1473 se
491 1433 554 1472 una
575 1431 650 1472 cum
671 1409 798 1470 filiabus
819 1431 880 1491 pro
907 1409 1063 1471 universo

60 1514 207 1578 exercitu
228 1523 343 1577 cuncta
360 1516 467 1580 victus
486 1513 669 1576 necessaria
689 1511 973 1595 suppeditaturum
992 1529 1064 1573 esse

59 1618 220 1702 promisit,
253 1619 348 1682 Eust.
375 1615 417 1677 ad
448 1616 486 1678 II.
507 1621 535 1690 t,
557 1636 609 1682 ao.
648 1619 753 1678 Erant
779 1613 865 1676 enim
892 1620 960 1672 tres
994 1611 1064 1672 eins

60 1718 157 1798 filiae,
179 1718 284 1798 Oeno,
306 1719 460 1802 Spermo,
481 1719 586 1799 Eleis,
608 1718 822 1800 Oenotropae
842 1734 908 1776 uuo
930 1711 1065 1775 nomine

62 1823 177 1903 dictae,
198 1822 314 1908 quibus
334 1822 482 1883 Bacchus
503 1829 727 1898 concesserat,
754 1829 791 1880 ut
812 1815 970 1902 quidquid
991 1810 1066 1875 atti·

61 1927 205 2005 gissent,
237 1921 272 1982 in
292 1921 404 2003 fruges
431 1929 642 2000 verteretur3
673 1922 767 1984 Serv.
794 1921 818 1986 1.
839 1923 882 2004 I.;
911 1933 946 1984 et
966 1921 1067 1988 Ovid.

64 2027 143 2087 Met.
155 2026 245 2101 xtu,
266 2021 336 2101 652,
356 2039 446 2108 ηιμ
467 2021 623 2084 suadebat
642 2035 750 2084 autem
771 2024 915 2103 Achivis,
934 2036 973 2088 ut
993 2044 1069 2086 cum

66 2131 101 2190 in
120 2130 194 2191 fatis
214 2137 303 2192 esset
322 2128 445 2194 decimo
467 2130 597 2192 demum
626 2151 709 2192 anno
732 2131 865 2193 Troiam
887 2133 1067 2216 expugnari

64 2253 177 2317 posse,
206 2234 309 2317 quieti
328 2232 415 2315 apud
435 2236 542 2315 ipsum
561 2233 596 2295 id
615 2242 742 2317 tempus
764 2235 1003 2318 transigerent,
1023 2237 1067 2303 cf.

62 2336 212 2406 Eustath.
232 2338 256 2400 l.
277 2335 299 2400 l.
318 2334 386 2398 Sed
406 2336 446 2397 ab
467 2339 710 2418 Agamemnone
737 2339 809 2400 illas
829 2335 913 2400 iilias
935 2337 1068 2403 Troiam

45 2441 218 2502 ¹abductas
247 2458 323 2502 esse
356 2439 412 2500 alii
442 2449 675 2518 narraverunt,
706 2440 806 2506 Diod.
831 2443 873 2519 V,
909 2459 982 2523 pag,
1010 2443 1066 2504 381

67 2542 165 2606 Ovid.
185 2543 208 2608 I.
227 2543 270 2624 [ς
291 2564 310 2603 ει
328 2541 503 2602 Palamede
523 2560 578 2601 eas
600 2541 752 2604 advectas
775 2562 857 2620 esse,
879 2562 953 2606 eum
977 2561 1070 2603 exer-

68 2646 149 2706 citus
169 2645 255 2706 famo
274 2640 450 2720 laboraret,
472 2646 610 2704 Taetaes
627 2640 727 2705 tradit
745 2641 788 2703 ad
807 2641 970 2726 Lycophr.
989 2643 1069 2719 5813

63 2745 141 2824 sed,
176 2765 251 2806 cum
281 2761 379 2824 aegre
400 2743 466 2804 vim
487 2762 559 2804 eam
591 2743 741 2822 ferrent,
775 2744 1005 2820 avolaverunt,
1034 2752 1070 2803 et

62 2846 195 2910 Baccho
208 2846 382 2908 miserante
402 2845 436 2907 iu
457 2845 622 2908 columbas
635 2852 779 2908 mutatae
799 2855 884 2924 sunt,
906 2843 949 2908 cf.
971 2843 1068 2908 Ovio.

66 2950 164 3013 Diod.
186 2949 267 3014 Con.
287 2950 323 3011 II.
352 2950 391 3011 II.
417 2949 531 3033 steph.
551 2953 631 3033 Byz.
657 2971 684 3012 s.
715 2972 748 3013 r.
771 2944 925 3033 Ἆνδρος.
963 2947 1067 3010 liuius

67 3072 200 3139 quoque
230 3053 400 3138 scriptoris
430 3051 534 3115 verba
572 3065 610 3114 ut
636 3053 761 3131 Servii,
792 3052 875 3116 mire
911 3057 1067 3131 corrupta

65 3165 161 3240 sunt3
188 3158 291 3220 facilia
323 3177 405 3222 vero
432 3165 486 3219 est
515 3155 716 3235 emendatio,
747 3155 776 3215 si
806 3154 897 3215 locos
925 3150 1067 3214 aliorum

66 3285 150 3347 quos
172 3260 320 3340 laudavi,
350 3259 611 3343 comparaveris,
642 3260 689 3320 sic
712 3257 796 3320 enim
817 3257 908 3338 leget
938 3249 1066 3336 ὖκλήθη

63 3364 127 3429 ἀπὸ
140 3361 287 3448 ’Ἄνδρου
306 3366 367 3428 τοῦ
377 3360 581 3448 Εὐρυμάχου
603 3355 627 3445 ἢ
646 3361 706 3426 τοῦ
725 3358 837 3425 Ἀνίου
854 3353 978 3442 πατρὸς
999 3355 1066 3421 τῶν

68 3472 305 3555 Οἰνοτροπῶν,
342 3469 430 3544 τινὲς
451 3470 489 3533 δέ
509 3491 615 3556 φασιν
652 3465 803 3551 Halipedon
832 3465 951 3538 rosires
979 3453 1068 3526 εἶναι

62 3570 180 3638 Ἀνίου
208 3575 321 3637 παῖδα.
363 3572 478 3635 Suidaa
498 3593 524 3634 s.
545 3593 577 3636 v.
598 3565 802 3655 ταυρόπολον
822 3578 943 3646 narrat,
967 3565 1068 3628 Grae·

57 3680 110 3742 cis
143 3689 186 3742 ut
212 3679 356 3741 feliciter
388 3681 595 3762 navigarent,
628 3687 757 3740 taurum
786 3675 826 3737 ab
846 3677 928 3737 Anio
956 3671 1067 3734 datum

6 3795 13 3804 ·
67 3801 159 3863 esse,
191 3781 248 3866 qui
269 3782 306 3844 iis
335 3783 512 3862 indicaret,
551 3781 607 3844 ubi
628 3779 787 3865 templum
805 3780 970 3842 Minervae
988 3793 1067 3838 con·

65 3885 263 3964 stituerent3
300 3885 384 3949 vatis
422 3897 532 3971 partes
572 3883 654 3947 Anio
682 3881 839 3966 Virgilius
873 3897 1005 3965 quoque
1032 3887 1067 3940 et

67 3985 207 4050 Ovidius
228 3985 387 4049 tribuunt.
684 3973 699 3990 ‘

826 4167 842 4222 7
