2722 4776
503 411 712 476 ..55-

110 583 223 667 pultes
245 555 624 644 narrantcastorem‘et
643 577 868 640 Pollucem‘in
890 590 978 638 terra
999 575 1112 658 patria,

111 684 169 765 qui
189 679 247 742 lilii
260 679 371 742 Ledae
393 691 428 740 et
443 679 582 760 Tyndari
603 678 755 740 dicuntur
777 689 810 738 et
830 675 949 738 fratres
970 679 1113 758 germani

108 785 267 862 Helenae,
298 782 363 846 Od.
391 785 419 856 λ,
448 798 522 866 2993
552 784 588 848 ll.
622 805 651 864 y,
688 781 763 860 2383
790 781 975 862 sepulcrum
1006 790 1113 840 autem

108 907 225 952 eorum
246 885 426 968 Therapnis
447 885 546 947 fuisse
575 883 703 963 dicitur,
744 884 837 949 Pind.
859 887 951 946 Nem.
973 883 1014 960 X,
1040 881 1113 960 1053

108 1005 145 1056 et
176 1005 287 1056 tamen
310 991 469 1074 Odysseae
491 993 512 1052 1.
537 992 560 1052 l.
583 1010 621 1053 ea
650 1010 781 1074 quoque
815 997 1013 1050 memoratur
1042 1005 1114 1046 uar-

109 1092 205 1169 ratio,
226 1092 336 1154 rivere
358 1091 535 1152 Dioscuros
558 1090 691 1152 alternis
714 1089 835 1160 diebus.
876 1087 984 1182 Quem
1005 1085 1113 1146 locum

110 1195 220 1279 siquis
233 1193 413 1256 accuratius
424 1192 613 1274 inspexerit,
634 1211 760 1254 mecum
773 1189 954 1262 mirabitur,
970 1187 1112 1269 priorem

110 1299 179 1360 eius
202 1305 329 1378 partem
352 1315 391 1356 ex
412 1294 513 1356 iliade
535 1312 719 1376 expressam
739 1312 827 1369 esse,
848 1289 900 1354 cui
922 1287 1039 1354 deinde
1061 1286 1114 1348 ad·

101 1397 232 1458 'duntur
252 1417 366 1458 versus
388 1406 456 1457 tres
480 1394 610 1457 obscuri
633 1414 742 1478 neque
765 1414 855 1468 earn,
887 1411 969 1475 quae
999 1402 1113 1472 postea

109 1497 240 1578 vulgata
251 1505 322 1556 erat
332 1495 373 1556 de
394 1516 510 1557 eorum
532 1495 654 1555 alterna
675 1494 742 1554 rita
763 1491 915 1570 fabulam,
936 1491 993 1552 sed
1015 1490 1054 1552 ab
1076 1510 1114 1552 ea

108 1595 270 1658 diversam
292 1596 505 1658 continentes.
549 1595 613 1687 Qui
648 1613 762 1660 versus
785 1607 839 1656 aut
861 1594 958 1656 obelo
979 1591 1112 1656 notandi

107 1711 144 1760 et
162 1698 267 1782 spurii
286 1696 426 1762 habendi
446 1710 537 1776 suut,
568 1709 623 1762 aut
645 1697 844 1760 increbuisse
877 1700 938 1760 iam
971 1708 1038 1758 tum
1068 1695 1113 1757 fa·
1201 1695 1207 1710 '

107 1822 210 1882 mam,
241 1824 305 1887 qua
332 1822 424 1864 sacer
454 1801 584 1886 quidem
606 1801 711 1866 bonos
733 1801 890 1863 fratribus
913 1803 1058 1864 Helenae
1081 1813 1113 1862 et

108 1902 257 1984 Helenae
277 1904 340 1986 ipsi
359 1902 577 1982 tribuebatur,
599 1901 809 1964 statuendum
830 1913 896 1980 est3
918 1901 987 1964 cius
1006 1913 1113 1966 autem

105 2001 212 2066 famae
234 2005 361 2064 nullum
381 2003 554 2086 vestigium
574 2004 607 2064 in
630 2003 730 2064 Iliade
752 2012 897 2086 apparet

190 2107 266 2166 Non
299 2121 450 2186 possum,
478 2105 556 2188 quin
587 2104 621 2178 id
643 2105 732 2189 quod
759 2127 835 2168 num
855 2104 1033 2188 profiterer
1060 2104 1115 2168 sliu

111 2205 315 2286 dubitabam,
349 2207 491 2288 ingenue
519 2215 555 2269 et
581 2206 686 2270 libere
718 2209 880 2294 eloquare
912 2207 1113 2291 Tyndaridae

107 2306 344 2390 posterioribus
360 2307 490 2370 demum
505 2309 708 2392 temporibus
723 2310 756 2372 ln
767 2329 840 2372 eum
855 2309 1113 2387 honorislocum,

108 2433 207 2494 quem
240 2411 393 2495 deinceps
421 2412 454 2472 in
474 2413 699 2496 religionibus
714 2416 915 2478 Graecorum
944 2413 1110 2492 tenebant,

108 2516 217 2576 erecti
249 2495 409 2578 dicamur.
432 2514 588 2577 Creuzer.
611 2516 755 2598 Symbol.
779 2520 818 2596 ll,
841 2537 912 2600 pag.
947 2518 1017 2598 237.
1042 2521 1111 2584 ato.

109 2620 209 2715 Quod
236 2621 402 2684 verissime
432 2645 450 2684 a
476 2624 548 2686 riro
582 2623 767 2688 doctissimo
810 2624 1016 2692 observatum
1052 2635 1111 2688 est.

106 2723 173 2786 Sed
194 2724 221 2785 ri
244 2724 374 2808 antiqua
397 2735 430 2788 et
452 2725 652 2790 Graecorum
680 2728 814 2810 propria
843 2724 990 2788 doctrina
1022 2743 1112 2785 saera

109 2828 173 2889 suit
194 2827 235 2888 de
257 2827 435 2892 duumviris
465 2831 499 2892 in
520 2853 629 2894 rerum
661 2841 776 2894 nature
799 2830 953 2907 dominis,
986 2840 1041 2890 aut
1070 2826 1111 2889 de
1211 2811 1214 2816 ¹

108 2928 230 3011 duplici
251 2934 395 2994 omnium
406 2954 517 2996 rerum
539 2934 640 3014 initio,
661 2933 743 2998 haec
764 2935 909 2996 doctrina
923 2950 996 2994 cum
1012 2931 1111 2994 Grae·

110 3045 222 3088 corum
251 3049 382 3114 quoque
419 3029 554 3093 historia
585 3030 724 3114 mythica
760 3031 957 3113 Graecisque
993 3027 1110 3090 fabulis

108 3128 217 3188 statim
238 3127 277 3186 ab
297 3128 387 3190 initio
415 3127 504 3210 iungi
525 3128 686 3208 debebat,
719 3152 826 3216 neque
849 3143 981 3214 ereptus
1016 3133 1110 3196 alteri

105 3226 212 3288 honos
235 3227 357 3288 deferri
387 3226 426 3288 ad
447 3227 582 3310 heroes,
621 3252 761 3316 quorum
790 3235 919 3294 nomina
949 3247 983 3296 et
1005 3235 1110 3317 gloria

106 3328 251 3390 omnium
272 3347 339 3392 ore,
353 3327 623 3413 celebrabantur3
657 3333 767 3418 itaque
794 3335 820 3395 si
842 3349 956 3416 postea
977 3338 1108 3400 taudem

106 3427 223 3490 heroes
245 3430 391 3511 reperti,
423 3435 716 3516 quorum.nomina
749 3445 782 3498 et
802 3434 944 3502 rationes
965 3461 1032 3503 non
1054 3441 1108 3504 ab·

106 3535 220 3598 similia
242 3537 375 3615 fuerint,
396 3547 433 3598 ut
453 3537 494 3599 ad
513 3538 693 3602 doctrinam
704 3561 827 3604 sacram
840 3554 874 3607 et
886 3549 1105 3611 narrationem

104 3653 161 3704 aut
182 3638 429 3722 explicationem
452 3639 669 3724 theologicam
696 3645 817 3708 reterri
836 3659 993 3731 possent,
1027 3651 1107 3712 haec

104 3747 250 3810 doctrina
279 3758 312 3810 et
338 3745 419 3810 baec
447 3748 604 3830 sapientia
626 3759 741 3830 postea
767 3772 897 3836 qnoque
932 3763 1044 3816 exorta
1074 3767 1108 3820 et

105 3859 283 3924 adolevisse
304 3857 445 3920 ridetur.
486 3857 602 3919 Potest
629 3853 692 3918 hoc
713 3858 823 3920 multis
850 3860 1005 3942 exemplis
1033 3879 1108 3924 cou-

104 3960 235 4043 firmeri,
257 3961 353 4039 utiis,
374 3979 459 4045 quae
476 3959 516 4022 de
529 3962 684 4040 Hercule,
704 3963 837 4040 Perseo,
858 3963 1000 4042 Achille,
1023 3966 1107 4050 lphi-

58 4053 62 4068 ’
101 4066 211 4148 genia,
240 4065 383 4146 Helena,
413 4064 566 4128 Dardano
597 4075 630 4128 et
650 4065 720 4128 aliis
749 4079 938 4150 numentum
966 4091 1111 4154 quorum·
1222 4123 1229 4148 ,
