2626 4768
452 405 675 468 -157-

16 572 252 658 Gergithius
276 591 327 654 ap.
345 571 442 634 Dion.
464 573 487 650 l,
504 592 555 652 72,
576 573 629 633 alii
651 559 731 634 duos
752 581 876 635 tantum
890 573 1064 635 Romulum

18 689 88 738 et
114 675 275 752 Remum,
310 694 391 758 quos
420 694 532 734 rursus
555 674 608 734 alii
629 675 759 735 Aeneae
782 694 821 735 ex
841 673 906 736 filia
927 685 1063 756 nepotes

20 777 166 838 fuisse
200 775 455 853 contendebant,
483 777 579 837 Dion.
603 774 704 854 1,73;
739 776 819 838 filias
850 787 956 839 autem
986 779 1063 840 duas

20 883 193 942 Aeneas
226 879 376 963 genuisse
413 877 530 940 dicitur
560 879 593 939 in
614 878 764 958 Arcadia,
789 879 980 966 Agathyllus
1014 901 1064 962 ap,

20 982 162 1041 Dion.
199 1004 224 1058 1,
256 982 312 1062 593
341 977 383 1040 cf.
404 980 498 1042 Paus.
527 980 580 1056 ΙΙΙ,
611 999 649 1039 22
686 1002 730 1044 ιι.
752 1013 791 1022 -
814 978 1063 1073 (1222222122

33 1092 251 1164 praeterea·
265 1083 395 1142 fabulae
423 1081 463 1143 de
485 1081 623 1144 Ascanio
645 1083 783 1160 suerint,
812 1082 931 1144 docere
952 1091 1063 1166 potest

38 1181 250 1264 Stephanus
271 1185 351 1264 Byz.
372 1203 397 1242 s.
417 1202 450 1245 v.
470 1178 638 1255 Ἀσκανία,
660 1184 691 1246 Γ
690 1191 825 1256 εντῑνος.

141 1285 238 1344 Alter
257 1281 386 1345 fabulae
409 1282 489 1354 ordo
512 1293 581 1360 est,
613 1288 754 1346 Aeneam
776 1304 795 1346 e
817 1284 915 1346 Troia
936 1283 1062 1362 abiisse,

34 1404 139 1467 pace
163 1393 255 1446 antea
278 1405 352 1446 cum
375 1386 506 1448 Graecis
528 1385 623 1448 facta.
665 1387 747 1446 Rem
769 1406 908 1465 omnem,
930 1387 978 1447 211
998 1391 1060 1448 Ae-

37 1513 132 1554 neas
155 1492 237 1554 urhe
259 1502 441 1576 expugnata
459 1513 566 1555 arcem
588 1493 783 1578 aliquamdiu
797 1495 964 1574 tenuisset,
986 1495 1061 1559 dein
1081 1509 1084 1526 ¹

38 1615 130 1656 cum
158 1593 224 1656 suis
255 1595 287 1654 in
321 1595 409 1655 Idam
443 1594 632 1655 secessisset
657 1593 797 1678 indeque
827 1593 963 1658 foedere
986 1617 1059 1658 cum

30 1697 191 1778 ‚Graecis
219 1697 284 1758 icto
314 1696 522 1772 decessisset,
554 1695 819 1780 ordineenarrat
839 1698 1011 1780 Dionysius
1033 1700 1058 1776 l,

41 1799 104 1877 46,
126 1804 179 1882 47,
202 1812 235 1861 et
255 1801 353 1882 paulo
375 1800 471 1860 aliter
491 1797 549 1858 sed
575 1797 713 1860 eundem
736 1811 771 1859 ut
792 1811 927 1881 apparet
948 1812 1057 1860 aucto·

43 1922 125 1962 rem
156 1911 287 1963 secutus
309 1904 433 1978 Varro,
468 1898 510 1960 cf.
531 1902 636 1984 intpp.
657 1901 817 1982 Virg.'ad
837 1906 915 1966 Aen.
936 1904 975 1981 ΙΙ,
998 1922 1057 1984 217
1167 1973 1173 1988 ,

51 2023 130 2085 pag.
158 2004 220 2068 315
247 2002 289 2064 ed
314 2004 407 2064 Liou.
446 2001 587 2064 Lesches
614 2004 648 2064 12
676 2003 776 2066 lliade
808 2026 909 2086 parva
943 2026 1018 2066 eum
1039 2029 1058 2066 2

53 2106 278 2187 Neoptolemo
300 2107 464 2188 captivum
491 2104 667 2166 abductum
695 2124 766 2166 esse
793 2105 938 2190 dixerat,
973 2129 1056 2194 quac

58 2215 173 2273 Conon
200 2233 287 2273 narr.
312 2207 352 2276 46
380 2208 520 2288 exhibet,
551 2208 686 2270 confusa
714 2216 790 2268 sunt
817 2219 851 2270 et
871 2213 989 2274 ‚mutila
1021 2221 1057 2274 et

55 2337 123 2376 non
143 2335 208 2375 uno
230 2314 304 2374 loco
338 2325 509 2394 corrupta,
545 2311 689 2372 Aeneam
715 2323 792 2397 post
822 2312 979 2374 excidium
1006 2315 1056 2376 Ilii

50 2419 144 2478 iussn
175 2412 314 2480 Veneris
350 2412 509 2472 orientem
538 2430 651 2472 versus
684 2407 854 2492 migrasse,
882 2411 921 2472 ad
942 2414 1056 2474 Helle-

58 2526 209 2597 spontum
242 2514 367 2578 venisse
400 2511 440 2572 ad
472 2511 650 2574 Thermum
683 2510 805 2590 sinum,
841 2512 896 2573 uhi
927 2524 1054 2596 patrem

57 2624 219 2678 mortuum
242 2615 427 2698 sepelisset,
458 2627 528 2675 tum
560 2615 594 2674 12
626 2626 748 2675 terram
767 2614 924 2674 Brnsiada
944 2616 1054 2698 profc-

58 2729 146 2778 ctum
167 2716 212 2778 ihi
232 2716 271 2777 ah
294 2715 508 2778 offerentibus
537 2714 652 2777 incolis
680 2735 814 2798 regnum
837 2718 998 2798 accepisse
1020 2701 1054 2778 et

57 2821 173 2888 urbem
193 2822 338 2884 Aeneam
359 2820 560 2904 condidisse,
589 2841 671 2905 quac
691 2831 805 2904 postea
825 2826 931 2884 Aenos
952 2825 1054 2884 nomi-

57 2933 132 2986 nata
145 2937 245 3007 esset.
267 2958 306 2969 -
329 2926 364 2984 ln
386 2923 509 2983 ltaliam
540 2942 615 2984 eum
634 2923 760 2984 venisse
783 2944 895 2985 omnes
916 2926 1053 2986 Romani

63 3028 240 3110 scriptores
262 3025 480 3104 affirmabant,
515 3023 612 3088 Dion.
645 3027 668 3104 Ι,
696 3030 746 3108 19.
787 3026 838 3085 De
878 3025 1054 3105 erroribus,

61 3121 171 3212 quihus
204 3129 417 3189 circumactus
451 3124 580 3188 tandem
613 3125 646 3186 in
683 3146 754 3186 eam
788 3133 926 3204 terram,
958 3147 1053 3209 quam

57 3231 215 3294 iusserant
236 3233 377 3310 oracula,
399 3229 537 3308 venerit,
551 3229 695 3310 Heynius
717 3247 854 3289 excursu
875 3226 899 3305 l,
921 3227 1051 3290 adAen.

55 3335 102 3394 ΙΙΙ
122 3333 195 3394 22112
217 3333 301 3414 egit,
329 3333 390 3393 alia
411 3353 492 3396 vero
513 3328 707 3392 Niebuhrius
729 3332 769 3397 V.
792 3331 840 3390 lll.
863 3330 896 3390 in
917 3331 1052 3392 historia

60 3442 199 3500 Romana
221 3438 260 3524 (l,
282 3458 353 3522 pag.
377 3441 433 3524 198
455 3437 541 3521 sqq.)
563 3436 669 3513 docet,
691 3446 728 3497 21
749 3458 844 3521 quam
862 3437 1065 3528 brevissime¹

63 3561 100 3602 ea
119 3538 178 3600 hoc
197 3539 270 3600 loco
293 3538 444 3600 adnotare
467 3535 615 3598 sufficiat.
656 3538 801 3598 Primum
829 3539 929 3621 igitur
949 3541 1051 3603 Thra-

59 3645 137 3706 ciam
156 3643 293 3726 appulit,
313 3643 487 3722 Pallenen,
509 3621 545 3703 dt
565 3641 736 3724 Dionysius
759 3641 798 3723 (l,
819 3647 858 3726 47
881 3656 914 3705 et
934 3645 988 3728 59)
1011 3666 1050 3711 ex

63 3748 226 3810 Hellanico
250 3749 311 3818 ait3
337 3745 491 3826 Bistoniis
512 3745 687 3810 habitatam
708 3746 820 3823 terris,
852 3759 887 3808 ut
913 3745 1049 3810 Ovidius

59 3849 132 3911 Met
166 3849 255 3928 Xlll,
286 3847 347 3918 430
378 3845 469 3917 dicit3
509 3846 553 3906 ibi
585 3845 698 3907 urbem
730 3846 874 3908 condidit
907 3851 1050 3910 Aeneam

60 3962 114 4012 aut
132 3956 236 4012 Aenos
258 3950 469 4028 nominatam,
502 3956 536 4008 et
555 3946 733 4008 secundum
754 3948 957 4032 quorundam
977 3953 1057 4013 nar·'

60 4053 211 4118 rationem
231 4063 379 4114 mortuus
402 4057 460 4110 est.
502 4047 568 4110 Sed
596 4048 649 4109 alii
680 4068 754 4110 eum
784 4048 859 4112 inde
886 4050 928 4113 oh
953 4053 1049 4136 Poly·
