2626 4768
432 397 655 464 -147-

20 574 84 637 cf.
110 574 207 657 Virg.
232 571 281 651 Il,
301 568 343 634 36
362 590 448 655 sqq,
470 547 609 656 qubrurn
632 591 705 632 eum
727 571 858 636 vicisset
878 567 1050 652 sententia,

19 675 182 738 Troiani
201 671 281 736 laeti
303 672 487 736 convivium
509 672 734 751 celebrabant,
765 671 853 757 quod
881 670 1051 735 tandema
1150 743 1154 754 ,

19 778 136 840 malis
160 776 306 838 diuturni
327 775 406 836 belli
427 775 557 837 liberati
578 787 685 839 essent
705 775 766 837 sibi
786 779 998 860 gratulantes.

126 884 167 940 ln
187 880 268 954 illis,
300 878 355 962 qui
385 896 504 961 equum
527 876 700 939 delendum
729 897 837 960 neque
870 879 903 938 in
933 877 1050 938 urbem

18 979 281 1043 attrahendum
303 997 372 1039 esse
395 976 653 1056 arbitrabantur,
688 977 794 1039 clarus
820 997 900 1059 prae
931 977 1050 1039 ceteris

21 1097 116 1146 erat
136 1086 306 1162 Laocoon,
336 1081 481 1164 Neptuni
502 1090 558 1142 aut
578 1081 737 1166 Apollinis
760 1080 929 1159 sacerdos,
957 1081 1050 1162 Virg.

18 1188 133 1268 flens
165 1187 204 1262 ll,
237 1205 308 1262 201,
340 1184 452 1268 ibique
474 1185 586 1263 Serv.3
622 1185 705 1265 Hyg,
741 1169 973 1249 135.'Servius
1011 1203 1051 1245 ex

23 1288 263 1371 Euphorione
286 1285 402 1365 affert,
423 1288 660 1364 Laocoontem,
683 1286 738 1370 qui
757 1288 910 1369 Neptuno
933 1285 1050 1348 eonsti-

28 1404 136 1452 tutus
157 1392 308 1454 sacerdos
332 1401 420 1471 erat,
442 1413 460 1452 a
481 1391 648 1468 Troianis,
671 1409 744 1452 cum
767 1387 884 1452 Graeci
905 1389 1051 1452 advenis·

33 1503 134 1572 sent,
168 1495 310 1556 occisum
343 1511 429 1572 esse,
457 1493 532 1576 quia
553 1511 668 1554 eorum
689 1491 863 1553 adventurn
886 1489 1049 1553 sacrificiis

32 1617 111 1655 non
145 1595 382 1676 prohibuisset,
414 1595 501 1658 hune
532 1607 642 1659 autem
661 1596 821 1678 Apollinis
843 1595 1050 1658 sacerdotem

40 1713 137 1763 sorte
158 1721 176 1760 a
198 1701 343 1761 Troianis
364 1699 497 1762 ductum
520 1721 608 1780 esse,
635 1713 672 1762 ut
692 1703 952 1783 Neptunoununc
972 1719 1051 1781 pro·

32 1815 120 1886 pter
141 1802 325 1864 abscessum
349 1805 550 1867 Graecorum
579 1823 668 1865 saera
701 1803 836 1870 iaceret.
876 1803 954 1864 Fuit
981 1801 1050 1880 ille,

32 1915 80 1968 ut
100 1907 175 1970 loeo
197 1919 354 1989 corrupto
376 1911 421 1970 ait
441 1910 594 1992 Hyginus,
615 1908 749 1996 Acoetis
770 1907 855 1970 filius
880 1919 913 1969 et
932 1905 1050 1970 Anchi·

42 2025 100 2068 sae
128 2006 230 2069 frater
238 2026 249 2078 3
277 2009 452 2070 Antenoris
480 2030 554 2071 eum
581 2007 684 2071 filiunt
715 2005 814 2070 fuisse
837 2013 975 2070 Tzetzes
1009 2007 1050 2068 ad

41 2111 122 2190 Lyc.
133 2111 193 2192 347
203 2110 312 2172 tradit.
345 2112 410 2208 Qui
431 2133 497 2174 non
518 2125 633 2174 auctor
654 2095 766 2174 model
776 2109 949 2174 evertendi
970 2109 1047 2194 equi

44 2213 193 2276 Troianis
221 2216 362 2298 exstitit,
395 2219 453 2284 sed
480 2218 551 2280 'dux
580 2239 712 2305 quoque
740 2228 775 2280 et
804 2217 956 2301 princeps
979 2217 1048 2277 eius

42 2316 200 2383 facinoris
222 2323 346 2385 hastam
368 2326 401 2387 in
423 2345 542 2408 equum
561 2326 721 2406 vibravit3
757 2326 798 2388 ob
832 2324 921 2410 quod
943 2325 1050 2406 piacu-

40 2420 114 2480 lum
139 2423 210 2504 ipse
239 2437 272 2488 et
302 2426 385 2485 alter
407 2425 548 2490 liliorum
576 2429 643 2488 eius
666 2449 684 2488 a
705 2426 911 2508 serpentibus
935 2421 1049 2484 divini·

45 2534 99 2584 tus
126 2525 254 2588 immisis
284 2529 455 2590 dilaniatus
486 2537 551 2607 est3
586 2527 628 2589 ef.
650 2529 760 2590 Procl.
791 2547 858 2590 cxc.
894 2545 934 2588 ex
956 2526 1047 2590 Aret.

48 2630 188 2724 Quintus
211 2643 318 2696 autem
343 2635 451 2695 statim
472 2642 593 2694 terram
614 2619 735 2694 motam
756 2633 887 2694 numine
909 2647 943 2695 et
964 2637 1048 2697 Lao·

42 2745 197 2797 coontem
218 2747 349 2801 terrore
372 2739 633 2822 obstupefactum
655 2759 725 2799 esse
747 2736 863 2816 tradit,
891 2747 1006 2822 postea
1029 2760 1047 2802 e

44 2836 194 2919 Calydnis
219 2841 332 2902 insulis
362 2855 533 2922 serpentes
562 2839 720 2903 immissos
749 2839 943 2908 filios,duos
976 2843 1046 2904 eius

47 2937 217 3003 devorasse
242 2952 275 3004 et
296 2944 401 3025 ipsum
424 2954 633 3008 oceoecatum
655 2966 744 3024 esse;
766 2967 783 3006 a
805 2944 923 3029 quibus
944 2945 1045 3027 paulo
1157 3019 1164 3034 ,

48 3041 109 3102 alia
129 3053 213 3122 sunt,
237 3068 318 3128 quae
341 3048 494 3131 Virgilius
517 3049 592 3113 loco
613 3050 781 3112 notissimo
792 3057 911 3108 narrat.
938 3047 1046 3108 Aliam

45 3168 171 3207 causam
192 3151 304 3212 mortis
328 3153 395 3213 eius
417 3152 560 3215 afferunt
581 3155 727 3236 Hyginus
750 3165 782 3238 et
804 3149 938 3213 Servius
959 3149 995 3211 lt.
1010 3148 1046 3228 ll,

46 3246 135 3331 quod
153 3261 212 3311 eut
232 3270 372 3311 uxorem
401 3261 514 3314 contra
535 3254 693 3335 Apollinis
714 3255 917 3317 voluntatem
939 3248 1045 3311 duxis-

45 3363 172 3426 setaut
193 3364 267 3415 ante
291 3354 496 3418 simulacrum
519 3357 571 3419 dei
592 3380 663 3420 cum
679 3380 781 3421 uxore
794 3355 1043 3436 concubuisset3

44 3454 143 3516 iidem
165 3467 317 3520 auctores
339 3461 468 3521 uomina
489 3461 629 3523 liliorum
643 3461 793 3538 afferunt,
811 3458 1045 3542 Antiphontem

43 3566 81 3618 et
115 3555 350 3639 Thymbraeum
379 3562 544 3644 Hyginus,
571 3563 753 3626 Ethronem
785 3573 819 3626 et
846 3559 1046 3624 Melanthum

45 3659 188 3720 Servius.

125 3767 199 3828 Non
218 3769 372 3829 Laocoon
394 3775 520 3828 tantum
541 3767 599 3828 sed
621 3765 797 3829 Cassandra
818 3788 968 3851 quoque,
1003 3793 1043 3836 ne

43 3886 148 3950 equus
190 3871 425 3946 attraheretur,
459 3871 648 3932 restitisse
659 3869 1043 3965 dicituretpuint.x11

43 3977 128 4027 extr.
162 3968 337 4050 Tryphiod.
369 3970 447 4050 3583
483 3975 595 4033 Tuetz
636 3968 801 4033 Posthom.
834 3971 915 4052 7083
952 3975 1043 4062 Virg.

45 4065 129 4130 Aen
150 4067 193 4149 ll,
214 4068 288 4150 2463
310 4072 426 4153 Hygin.
454 4073 529 4154 1083
550 4070 616 4135 vid
638 4069 703 4130 tab.
726 4070 813 4134 lliac.

711 4171 763 4230 10*
