2626 4768
664 393 885 458 -190-

270 579 329 624 nes
362 561 470 644 ignota
490 559 550 624 sibi
572 580 661 625 sacra
682 563 838 626 facientes
860 561 993 628 vidisset
1019 560 1063 624 ibi
1089 563 1212 624 cistam
1242 563 1281 627 de

271 679 412 750 poneret
434 679 466 730 et
486 667 555 750 ipsc
577 665 747 747 habitaret,
768 669 879 753 sicque
902 688 976 728 eum
996 668 1029 729 in
1042 667 1224 730 Achaeam
1240 689 1281 732 ve

270 772 374 851 nisse3
396 771 577 833 dubitatum
599 785 708 834 autem
730 782 801 852 est,
831 795 907 834 num
929 773 981 836 hic
1000 773 1202 854 Eurypylus
1226 777 1281 835 Eu

275 873 418 935 aemonis
440 871 524 934 filins
545 873 669 936 fuisset.

356 975 446 1034 Haec
460 993 542 1057 quae
553 973 653 1042 olima
664 973 770 1056 poetis
784 973 977 1056 geographis
990 981 1088 1059 atque
1102 974 1281 1037 historici:

271 1095 416 1159 quorum
431 1076 552 1158 scripta
571 1077 775 1156 interierunt,
800 1077 978 1138 accuratius
1002 1087 1160 1138 enarrata
1186 1089 1281 1139 erant

269 1195 356 1238 nunc
371 1191 544 1260 supersunt
556 1180 646 1261 quasi
658 1179 800 1261 lapidum
812 1179 1053 1262 inscriptiones,
1076 1201 1232 1262 quarum
1246 1182 1281 1240 lit

270 1290 356 1342 teras
378 1282 579 1364 tempestatis
602 1283 650 1344 vis
672 1280 857 1344 obscuravit
879 1291 913 1342 et
933 1282 1055 1364 lapides
1075 1283 1177 1363 ipsos
1204 1306 1281 1344 arro

273 1363 326 1445 sit.
368 1385 412 1444 Ut
447 1392 554 1444 autem
595 1382 711 1460 viator,
755 1383 941 1468 coniectura
979 1384 1050 1467 quis
1089 1384 1281 1467 inscriptio

270 1481 320 1542 nis
343 1501 454 1544 sensus
477 1484 543 1560 sit,
580 1463 755 1563 assecutus,
778 1504 816 1545 eo
839 1484 938 1566 magis
960 1481 1081 1566 gaudet
1103 1483 1195 1547 dum
1219 1487 1281 1548 reli

272 1590 361 1673 quias
383 1583 583 1675 antiquitatis
616 1591 877 1674 contemplatur,
912 1589 989 1652 dum
1008 1609 1243 1657 monumenta
1266 1619 1281 1656 n

269 1692 379 1753 ruinas
399 1692 582 1775 perquirit,
615 1713 702 1752 nunc
735 1692 820 1752 enim
849 1690 901 1752 cui
921 1692 995 1752 usui
1017 1691 1096 1752 olim
1133 1695 1281 1758 aedifici

271 1794 428 1857 destinata
450 1795 588 1872 fuerint,
620 1793 766 1856 divinare
801 1803 932 1884 potest,
965 1792 1011 1854 sic
1043 1795 1147 1858 animi
1180 1822 1255 1862 nos

271 1889 539 1977 commoventur,
567 1893 646 1956 dum*
664 1895 844 1978 fragmenta
874 1898 1081 1981 antiquorum
1101 1801 1281 1984 poeta-*ni

270 2000 428 2083 legimus3
480 2011 556 2060 sunt
604 1999 689 2059 enim
731 2000 822 2086 (quasi
864 2001 982 2082 singuli
1022 2003 1115 2080 soni,
1167 2009 1233 2090 qui
1274 2027 1281 2066 t

270 2093 432 2164 concentu
464 2109 517 2162 tot
537 2098 739 2182 ingeniorum
761 2100 802 2159 ad
823 2107 951 2162 nostras
974 2121 1080 2184 usque
1103 2125 1210 2166 aures
1234 2130 1281 2188 ap

269 2206 436 2288 puleruut.
478 2203 682 2265 Ferebautur
716 2223 754 2264 ea
787 2204 928 2264 carmina
957 2204 1034 2265 clim
1054 2225 1119 2286 per
1145 2229 1204 2270 ora
1223 2211 1277 2270 ho·

268 2310 400 2386 minum,
421 2308 625 2392 gloriabundi
645 2309 730 2372 cives
754 2307 940 2372 conditores
962 2307 1136 2371 civitatum
1150 2333 1267 2371 suarum

269 2409 386 2472 heroas
407 2408 646 2492 praedicabant,
668 2421 785 2491 poetae
807 2408 900 2493 quasi
919 2429 1102 2492 praecones
1116 2413 1262 2472 maiorum

270 2519 414 2582 facinora
438 2539 551 2580 eorum
572 2517 795 2595 extollebant,
831 2539 969 2600 quorum
997 2521 1161 2580 memoria
1192 2541 1274 2581 sacra

268 2604 463 2683 incendebat
483 2621 517 2681 in
538 2620 679 2682 omnium
699 2617 890 2703 pectoribus
918 2620 1065 2682 ferocem
1098 2623 1203 2684 illum
1229 2643 1279 2705 pa-

270 2725 364 2786 triae
397 2744 558 2804 amorem,
596 2746 661 2808 quo
695 2722 883 2787 inflammati
921 2728 1064 2790 victores
1097 2731 1281 2790 Persarum

271 2823 485 2906 despicientes
507 2823 661 2887 barbaras
684 2827 1041 2908 gentes-immortalem
1062 2831 1209 2912 gloriam
1234 2855 1281 2896 re·

268 2949 339 2989 ram
358 2937 522 3010 gestarum
543 2927 718 3010 splendore
740 2931 851 3014 adepti
872 2943 962 3010 sunt,
995 2947 1280 3023 monumentaque

269 3025 347 3093 artis
369 3031 565 3113 sempiterna
587 3033 728 3095 omnium
748 3033 913 3097 hominum
935 3037 1133 3119 exemplaria
1151 3053 1281 3102 statue·

266 3129 361 3214 runt,
393 3153 479 3195 nune
508 3154 547 3196 ca
568 3134 674 3196 omnia
702 3135 836 3198 abstulit
856 3139 942 3200 aetas
978 3150 1011 3200 ct
1032 3139 1145 3201 tristes
1177 3146 1277 3206 modo

268 3248 445 3322 supersunt
484 3239 613 3300 urbium
654 3239 811 3323 reliquiae
845 3254 879 3306 et
916 3243 1044 3321 ruinae,
1088 3222 1278 3308 celeb-rabit

269 3337 377 3404 autem
402 3344 577 3425 posteritas
596 3363 725 3427 semper
746 3335 864 3404 famam
894 3345 1024 3407 virtutis
1046 3367 1172 3429 eornm,
1192 3371 1277 3433 quae

270 3452 341 3516 sola
364 3451 451 3514 clara
473 3459 571 3535 atque
593 3459 725 3514 aeterna
744 3447 899 3542 habetur.
