2626 4768
425 451 767 547 arom,

12 617 123 699 *7353
157 614 373 678 callimachus
401 615 487 697 apua
508 617 619 678 aanor.
649 617 689 678 aa
719 621 756 684 n.
783 645 811 698 s,
842 619 898 704 ⁶63
933 621 1046 718 Quina.

15 725 121 786 >Sm.·
140 724 196 801 Vl,
225 722 303 788 523.
336 723 450 784 Senee.
478 727 536 803 Ag.
565 722 634 784 528.
677 725 781 806 Negat
812 725 929 787 Strabo
963 729 1046 806 XIII,

27 846 116 910 pag.
139 827 200 904 897
214 826 251 883 A.
271 821 377 884 AiaeIs
400 820 521 882 facinus
545 820 647 882 solam
668 842 793 884 caussam
816 823 924 900 fuisse,
947 845 1047 908 quum

25 953 108 991 non
131 927 187 988 hio
207 923 306 988 modo
336 922 393 987 sed
420 941 531 983 omnes
554 922 672 988 Graeci
704 927 861 1008 templum
883 925 1047 989 Minervae
1093 915 1120 1011 -’

12 1053 13 1058 ’
26 1033 278 1116 profanassent.

127 1136 214 1194 Hinc
236 1131 468 1213 Theopompus
490 1133 574 1214 apud
592 1133 699 1197 Schol.
721 1135 760 1196 ad
780 1136 816 1196 ΙΙ.
841 1137 871 1214 β,
897 1135 954 1198 185
973 1155 1046 1196 eau-
1081 1143 1084 1151 '

26 1259 106 1298 sam
121 1234 281 1316 naufragii
304 1232 397 1294 aliam
419 1233 608 1313 tradiderat,
628 1237 790 1318 putruisse
807 1237 959 1298 diuturno
981 1237 1045 1299 situ

25 1341 125 1420 ligna
149 1338 278 1398 navium
299 1356 406 1420 neque
428 1333 578 1398 fluctibus
600 1337 696 1397 maris
717 1339 872 1400 resistere
890 1342 1044 1420 potuisse,

19 1441 155 1523 sicque
176 1437 298 1500 facturn
320 1459 402 1515 esse,
424 1425 460 1499 ut
481 1439 503 1499 ii
526 1440 726 1500 Graecorum
749 1441 803 1520 qui
824 1440 958 1522 pedibus
981 1443 1045 1503 iter

28 1542 196 1604 fecissent
229 1542 310 1601 salvi
338 1542 523 1604 evasissent.
565 1539 670 1600 Aliam
700 1539 740 1600 de
768 1542 867 1600 Aiace
901 1540 1044 1608 fabulam

17 1643 386 1705 'narrat'Philostratus
408 1644 541 1704 Heroic.
563 1663 636 1725 pag.
666 1645 739 1717 680,
772 1666 844 1706 eum
875 1648 980 1709 solum
1010 1649 1044 1710 in

12 1743 156 1826 :cymba
177 1742 337 1824 aufugisse
359 1744 526 1805 timentem
548 1744 627 1804 iram
650 1745 773 1825 populi,
795 1768 891 1828 quem
907 1753 1043 1829 Agame·

14 1870 117 1908 anno
149 1857 261 1928 captus
290 1867 398 1910 amore
423 1847 617 1908 Cassandrae
649 1847 737 1908 falsis
768 1833 1066 1914 criminationibus*

13 1989 14 1996 κ
29 1947 303 2010 exacerbaverat.

131 2046 318 2121 Graculum,
340 2066 404 2130 quo
426 2046 552 2107 Locros
573 2047 730 2128 virginem
752 2071 847 2110 unam
872 2051 1042 2132 quotannis

31 2153 135 2212 Ilium
164 2151 203 2211 ad
230 2148 422 2212 sacrificium
453 2149 584 2210 mittere
607 2151 717 2211 'iussos
752 2170 822 2212 esso
844 2149 975 2210 Servius
1000 2150 1041 2210 ad

31 2256 124 2315 Aen.
146 2253 170 2329 l,
191 2249 228 2316 ala
255 2269 294 2311 ex
314 2250 421 2312 Ennio
444 2252 559 2327 tradit,
589 2265 625 2314 ut
644 2254 808 2315 Minervae
829 2253 908 2312 iram
932 2252 1039 2333 placa-

29 2362 122 2431 rent,
144 2360 338 2434 tempestate
360 2350 582 2414 bellisPersici
603 2353 731 2415 demum
755 2353 878 2416 editum
901 2373 971 2415 esse
992 2354 1039 2420 ui-

28 2458 148 2528 detur,
177 2456 219 2518 cf,
249 2454 354 2520 Strab.
382 2457 471 2532 XIII,
500 2457 521 2521 Ι.
543 2458 564 2521 Ι.
594 2458 691 2549 Quod
723 2457 809 2518 idem
838 2458 971 2519 Servius
999 2477 1040 2517 ex

30 2554 197 2618 historicis
220 2557 351 2618 Graecis
374 2557 487 2633 refert,
510 2558 640 2618 Aiacem
662 2561 789 2620 tertiam
813 2567 1038 2640 posttergans

30 2681 167 2722 manum
187 2657 356 2736 hahuisse,
389 2658 421 2718 id
450 2659 526 2721 alibi
559 2661 670 2742 legere
698 2683 763 2722 non
790 2660 929 2737 memini.
971 2659 1038 2750 Qui

29 2766 219 2826 Locrorum
242 2782 281 2822 ex
302 2781 339 2822 ea
362 2759 453 2822 clade
475 2775 658 2838 evaserunt,
679 2783 792 2825 eorum
814 2764 867 2824 alii
887 2763 1035 2824 Bruttios

30 2868 149 2928 Italiae
171 2864 331 2928 inferioris
354 2873 538 2938 tenuerunt,
563 2862 648 2923 etad
665 2866 834 2926 eosLocri
856 2865 957 2926 Italici
973 2864 1037 2926 ori·

31 2966 124 3047 gines
147 2986 218 3026 suas
241 2963 436 3026 referebant.
471 2964 562 3044 Virg.
589 2965 672 3026 Aen.
695 2967 748 3042 ΙΙΙ,
771 2967 848 3049 3993
882 2967 934 3025 alii
956 2986 1036 3046 pen-

32 3066 161 3146 tapolin
182 3063 334 3146 Libycam
356 3076 543 3142 tenuerunt,
564 3065 744 3145 Virg.Aen.
767 3067 821 3144 XI,
845 3066 903 3126 265
924 3065 1035 3150 ibique

30 3174 146 3250 Serv.,
176 3172 398 3254 cf.Lyoopl1r.
429 3166 521 3246 1141',
550 3174 627 3240 1148
656 3181 690 3233 et
711 3177 821 3234 Tzetz.
848 3173 888 3232 ad
915 3194 970 3234 eos
999 3174 1034 3237 ΙΙ.

27 3276 124 3337 Aiaci
144 3275 241 3336 Locri
262 3285 376 3357 postea
397 3274 520 3337 dlvinos
534 3273 674 3337 honores
696 3275 918 3362 exhibuerunt,
940 3275 1033 3342 Pind.

31 3378 90 3440 ΟΙ.
113 3380 168 3454 IX,
194 3377 260 3438 161.

117 3483 191 3542 Non
224 3490 418 3564 tempestate
452 3483 549 3544 modo
579 3483 636 3545 sed
670 3482 746 3544 dolo
779 3484 875 3544 etiam
901 3482 1031 3566 Nauplii

28 3585 155 3644 multos
176 3585 311 3668 periisse
332 3594 475 3648 narrant.
516 3588 651 3648 Frustra
672 3588 698 3646 is
720 3607 737 3646 a
756 3586 887 3648 Graecis
909 3605 1029 3667 poenas

30 3687 199 3750 interfecti
226 3688 284 3748 filii
311 3689 529 3770 repetiverat,
564 3689 673 3750 Schol.
694 3687 841 3770 Euripid.
870 3687 929 3749 Or.
950 3691 1028 3766 4223

34 3811 113 3871 quas
134 3789 264 3851 iniurias
287 3791 401 3852 ulcisci
422 3793 553 3874 cupiens
567 3813 665 3874 quum
680 3789 813 3852 vidisset
834 3795 1029 3869 tempestato

29 3889 202 3954 afflictatos
227 3895 386 3969 Graecos,
416 3893 522 3975 ignem
551 3896 698 3976 sustulit,
725 3903 762 3955 nt
788 3890 827 3952 ad
849 3887 1028 3972 Caphereus

28 4005 157 4074 petras,
191 3995 289 4076 qnasi*
317 3996 344 4056 is
376 3997 467 4056 loeus
496 3994 681 4078 perfugium
704 3999 727 4056 'a
759 3994 864 4056 uentis
894 3990 1029 4054 naribus

29 4095 226 4176 praeberet,
259 4117 315 4160 eos
337 4094 537 4166 deflecteret.
579 4097 628 4156 lbi
649 4105 757 4158 autem
777 4089 932 4178 imprimis
954 4114 1030 4176 pro·

707 4204 738 4254 ll
