2626 4768
435 369 655 436 ..109-

35 556 137 630 qnam
158 535 368 604 traditionem
388 540 643 602 immutaverunt
661 540 798 603 insecuti
818 550 955 624 poetae,
986 543 1043 628 qui

37 648 168 710 fabulas
190 645 231 707 de
252 647 409 726 Lyrneso,
428 643 567 722 Pedasa,
602 652 637 706 et
657 643 771 708 Theba
806 645 1043 728 confuderunt,

37 771 139 833 quam
162 765 292 810 omnem
313 748 523 824 varietatem,
549 746 577 808 si
597 747 806 809 Homericam
823 746 913 829 prius
936 769 1044 808 narra-

40 855 167 914 tionem
188 851 437 934 designavimus,
457 849 676 933 expediemus.
708 849 820 912 Thebe
840 851 896 911 illa
910 851 1045 912 Cilicum

39 975 175 1038 quoquc
193 950 269 1013 urbs
291 950 409 1012 dicitnr
430 949 467 1012 ΙΙ.
490 947 517 1025 ζ,
537 949 598 1018 416
606 971 616 1028 3
640 973 671 1028 a,
692 948 771 1031 3663
792 960 955 1014 noverunt
975 971 1046 1012 cam

40 1054 229 1140 geographi,
251 1054 399 1138 aquibus
419 1050 606 1116 ὕποπλακιίι
626 1055 828 1133 nominatur3
863 1073 1071 1140 quanquam*

44 1162 78 1221 in
99 1157 279 1220 Homericis
300 1155 497 1218 carminibus
520 1157 573 1238 (ΙΙ.
595 1155 622 1236 ζ,
643 1158 718 1240 425)
742 1179 782 1220 eo
814 1157 944 1220 nomine
965 1159 1046 1220 alins

44 1273 179 1345 praeter
198 1258 343 1320 'I'hebam
375 1259 467 1321 locus
504 1256 664 1341 designari
693 1259 835 1322 videtur.
880 1259 916 1320 ln
937 1279 974 1320 ea
997 1279 1047 1320 re·
1108 1269 1111 1274 '

47 1361 164 1444 gnabat
183 1363 321 1437 Eetion,
353 1356 600 1421 Andromachae
631 1369 746 1438 pater,
779 1381 877 1441 quem
904 1359 1047 1422 Achilles

50 1487 120 1526 cum
140 1475 266 1548 septem
288 1462 362 1526 tiliis
384 1462 512 1540 occidit,
533 1481 671 1524 uxorem
692 1475 802 1526 autem
814 1465 981 1547 captivam
994 1465 1049 1526 ab·

48 1568 153 1646 duxit,
176 1586 259 1651 quae
282 1575 395 1648 postea
415 1564 563 1628 redemta
583 1565 715 1654 Thebae
738 1566 827 1644 obiit,
851 1566 891 1632 cf.
914 1569 937 1631 Ι.
958 1569 994 1628 ΙΙ.
1017 1569 1047 1648 13

51 1668 129 1730 adde
152 1667 265 1764 Quint.
293 1669 358 1730 Sm.
392 1669 446 1745 ΙΙΙ,
479 1669 557 1748 5453
585 1669 642 1748 lv,
677 1669 750 1748 1535
782 1691 852 1730 eam
883 1669 1048 1733 civitatem

48 1773 181 1853 primam
204 1770 244 1831 ab
264 1769 392 1832 Achille
414 1769 575 1852 direptam
596 1790 667 1834 esse
688 1781 799 1832 narrat
818 1769 929 1833 Schol.
950 1769 990 1831 ad
1012 1771 1049 1830 ll.

51 1897 80 1950 o,
100 1873 172 1937 366.
192 1871 436 1953 Hinchryseis
450 1871 629 1954 Astynome
651 1871 788 1934 abducta
810 1883 870 1937 est.
889 1870 1051 1934 Pedasum

54 1976 215 2034 Homerus
242 1973 400 2056 Lelegum
431 1971 549 2034 urbem
577 1969 678 2036 fnisse
712 1973 817 2034 refert
848 1973 885 2034 Il.
920 1996 957 2056 cp,
991 1971 1050 2040 853
1109 1959 1117 1982 ⁹

56 2077 217 2158 coniungit
237 2083 343 2138 umen
363 2097 436 2138 cnm
458 2079 619 2158 Lyrnesso
640 2077 679 2141 ll.
700 2101 732 2156 a,
753 2095 808 2161 923
829 2076 986 2159 regnabat
1006 2073 1052 2136 ihi

56 2179 155 2255 Altes,
175 2177 265 2239 cuins
285 2175 383 2238 filiam
403 2178 549 2239 Priamus
571 2178 724 2260 duxerat,
751 2179 793 2241 cf.
815 2187 948 2260 praeter
968 2178 992 2242 l.
1012 2177 1051 2238 Il.

55 2276 74 2337 l.
95 2277 184 2344 Srab.
205 2279 290 2359 XIII,
311 2280 383 2362 875,
404 2278 487 2342 adde
507 2278 591 2342 Plin.
613 2279 652 2342 H.
672 2282 712 2346 N.
733 2284 755 2342 Ι.
777 2279 799 2340 Ι.

128 2403 180 2461 Ex
198 2402 361 2482 Lyrnesso
382 2400 493 2483 itaque
515 2403 715 2482 Astynomen
737 2400 852 2483 Chrysi
877 2400 976 2462 tiliam
998 2399 1052 2462 ab·

58 2501 182 2564 ductam
203 2521 273 2565 csse
293 2504 315 2564 ii
344 2503 400 2586 qui
427 2502 467 2564 ab
487 2504 636 2565 Homero
669 2503 876 2582 dissentiunt,
910 2501 1053 2579 tradunt,

59 2613 93 2663 ut
111 2604 220 2685 Dictys
239 2605 279 2682 Il,
304 2627 350 2685 17,
372 2604 429 2687 qni
450 2624 521 2666 eam
541 2604 687 2666 Eetionis
721 2624 858 2666 uxorem
885 2601 984 2664 fuisse
1007 2601 1053 2662 di·

59 2703 113 2782 cit,
136 2705 190 2766 alii
211 2717 318 2766 autem
340 2703 472 2767 Thebae
501 2725 590 2783 eam,
622 2726 687 2788 quo
714 2705 756 2766 ad
783 2702 975 2767 sacrificium
995 2706 1053 2766 Di·

57 2823 149 2882 anae,
172 2813 209 2864 ut
230 2804 354 2886 Cypriis
375 2803 568 2866 carminibus
594 2803 804 2884 narrabatur,
825 2815 976 2884 venerat,
998 2819 1055 2868 aut

60 2925 120 2985 quo
140 2904 318 2967 secundum
339 2904 429 2983 alios,
451 2902 526 2987 quia
548 2925 585 2966 ea
606 2905 718 2967 civitas
731 2906 854 2967 munita
876 2919 957 2984 erat,
977 2925 1054 2986 per-

60 3007 193 3090 fugerat,
214 3017 341 3090 captam
362 3027 432 3070 esse
454 3007 574 3086 dicunt,
596 3009 639 3074 cf.
659 3006 769 3072 Schsl.
791 3020 825 3070 et
845 3006 992 3070 Eustatb.
1015 3007 1055 3070 ad

59 3106 93 3168 Il.
113 3131 145 3186 α,
166 3107 246 3190 3663
273 3108 392 3169 iterum
421 3109 475 3168 alii
497 3106 649 3189 Chrysam
679 3106 719 3168 ab
739 3105 868 3168 Achille
896 3125 1057 3190 expugne-

58 3216 117 3270 tam
140 3217 176 3272 et
195 3209 270 3270 inde
292 3209 434 3290 puellam
455 3208 626 3272 abductam
648 3229 719 3274 essa
741 3207 922 3287 tradebant,
943 3219 1058 3272 contra
1076 3235 1089 3262 τ

59 3332 134 3394 quos
156 3312 346 3375 Eustatbius
367 3314 389 3376 l.
410 3315 432 3376 l.
456 3315 617 3396 disputat,
648 3335 756 3400 neque
789 3315 874 3376 enim
903 3315 1058 3398 Chrysam

59 3433 164 3500 neque
200 3417 317 3480 Cillam
357 3427 571 3502 expugnatam
603 3440 683 3482 esse.
735 3416 847 3479 Theba
884 3428 994 3482 autem
1024 3429 1059 3480 et

59 3521 235 3603 Lyrnessos
269 3523 332 3585 iam
366 3521 405 3584 ab
437 3523 596 3606 Aeschylo
637 3531 854 3586 commutatae
889 3532 981 3601 sunt,
1014 3520 1058 3584 cf.

60 3623 169 3692 Schol.
188 3625 306 3708 Enrip.
327 3626 368 3687 cd
388 3625 544 3690 Androm.
570 3651 595 3693 ι.
628 3627 806 3709 Aeschylus
828 3629 911 3690 enim
933 3629 1058 3690 Andro·

61 3727 194 3790 macheu
215 3728 448 3790 Andraemonis
469 3727 568 3790 filiam
587 3729 781 3807 Lyrnessida
802 3728 948 3804 dicebat,
984 3729 1058 3810 quia

61 3827 93 3888 in
111 3832 197 3915 agris
219 3831 380 3894 Thebanis
400 3834 579 3914 Lyrnessos
602 3844 636 3894 et
657 3831 777 3914 Chrysa
803 3832 883 3892 sitae
905 3831 1058 3908 luissent3

65 3931 117 3991 sed
140 3933 301 3996 eiusmodi
330 3934 568 3996 immutationes
597 3933 684 4016 opud
719 3930 858 4012 tragicos
892 3928 1061 3993 observari

66 4048 260 4098 monuerunt
282 4034 480 4118 interpretes
509 4033 548 4096 ad
570 4033 723 4117 Sophocl.
743 4035 865 4096 Electr.
895 4033 925 4094 3.
962 4033 1060 4114 Chry·
