2750 4774
283 597 455 672 peterent3
477 589 515 651 ll.
539 612 561 664 ι,
583 588 659 659 6683
683 609 781 672 quem
802 590 928 652 venisse
942 588 1116 650 admodum
1138 589 1294 654 iuvenem
1362 585 1363 600 ¹

283 709 402 774 neque,
424 689 505 752 belli
524 691 667 773 peritum
687 711 797 772 neque
817 690 849 750 ia
872 692 1028 753 concione
1048 703 1226 766 versatum,
1246 693 1294 754 ils.

282 813 330 854 vs.
351 797 432 873 4403
458 790 599 880 ideoypue
621 791 820 854 Phoenicem
841 794 901 874 ipsi
923 793 1102 856 iuventutis
1122 803 1293 856 rectorem

285 906 319 956 et
340 894 536 955 monitorem
557 893 701 954 additum
723 913 803 958 esse.
834 893 952 954 Nescio
974 914 1014 953 au
1035 892 1110 954 inde
1131 894 1294 974 originem

282 1000 460 1075 traxerint,
492 1019 576 1083 quae
598 999 639 1060 de
659 999 876 1061 monitoribus
905 999 973 1059 aliis
1002 1018 1132 1082 quoqne
1155 997 1294 1060 dacibus

285 1101 368 1164 datis
387 1103 544 1184 leguntur
564 1102 651 1185 apud
669 1102 757 1163 Ptol.
779 1100 887 1183 Heph.
909 1119 981 1183 pag.
1004 1105 1084 1170 244²
1116 1099 1294 1179 Myriseum

284 1203 532 1287 Cephalleniam
552 1207 668 1288 Ulyssi,
688 1205 858 1268 Eudornm
874 1207 1038 1284 Patroclo,
1060 1205 1182 1268 Achilli
1202 1209 1294 1269 Mne·

285 1329 430 1388 monem,
474 1309 609 1370 Hectori
641 1311 818 1388 Dantem,
864 1309 1052 1372 Dardanum
1097 1312 1290 1392 Protesilao,
1363 1357 1364 1372 ι

286 1411 483 1476 Chalconem
510 1413 688 1476 Antilocho
718 1413 849 1475 affuisse
883 1414 970 1476 dicit.
1011 1415 1161 1496 Scyrum.
1181 1428 1292 1477 autem

172 1533 182 1606 ‚¹
283 1516 448 1576 Homerus
466 1525 640 1611 ,vastatam
663 1537 732 1580 csse
755 1518 794 1579 ah
816 1516 945 1580 Achille
967 1517 1075 1596 tradit,
1099 1519 1137 1582 Il.
1160 1543 1182 1597 ι,
1204 1518 1271 1584 668
1278 1539 1289 1590 3

288 1632 323 1683 et
344 1620 445 1684 filium
466 1624 719 1706 Neoptolemum
741 1623 787 1684 ihi
806 1624 919 1686 vivere
940 1635 1092 1684 narratur
1124 1624 1151 1684 ll
1179 1647 1206 1698 τ,
1226 1627 1293 1688 330

168 1765 179 1776 ,.
228 1803 236 1812 .
285 1741 358 1804 sqq.
400 1723 446 1782 Ut
477 1743 548 1784 sem
578 1721 778 1805 expedirent,
811 1732 941 1783 veteres
974 1725 1173 1805 grammatici
1217 1745 1292 1788 eam

283 1844 381 1907 quam
401 1824 586 1889 devastasse
601 1827 745 1927 Achilles
764 1827 887 1890 dicitur
907 1829 1053 1912 Scyrum,
1075 1831 1168 1893 aliam
1190 1854 1294 1917 quan·
1363 1885 1364 1890 ,

277 1922 356 1994 dam
378 1933 541 1998 civitatem
554 1937 672 2021 Troiae
695 1899 764 1998 esic
786 1935 972 2017 volucrunt,
996 1939 1038 1999 cf.
1059 1940 1163 2023 intpp.
1178 1940 1253 2005 adl.
1268 1943 1292 2003 l.
1363 1985 1364 1990 κ

281 2035 320 2096 ll.
344 2061 366 2110 ι,
389 2049 422 2099 ct
442 2038 589 2103 Eustath.
612 2038 651 2100 ad
672 2041 768 2102 Dion.
796 2041 925 2124 Perieg.
963 2046 1045 2104 ltem
1077 2043 1190 2104 dicunt
1218 2064 1292 2106 eam

283 2148 440 2199 vastatam
462 2160 533 2202 esse
555 2141 643 2203 iussu
663 2143 765 2220 Pelei,
788 2165 805 2204 a
827 2166 893 2228 quo
916 2144 1099 2225 defecisset,
1122 2158 1178 2207 aut
1199 2147 1290 2232 quod

285 2240 365 2302 belli
387 2241 541 2303 adversus
563 2245 721 2331 Troianos
742 2247 848 2306 socius
873 2266 941 2307 esse
951 2247 1151 2328 Lycomedes
1164 2247 1291 2308 noluis-

285 2357 354 2423 set,
391 2355 448 2407 aut
479 2368 552 2408 cum
584 2349 700 2410 Graeci
729 2361 804 2430 post
833 2347 997 2411 infelicem
1026 2349 1169 2431 priorem
1198 2348 1290 2408 illam
1362 2367 1365 2410 a

283 2467 397 2516 contra
412 2453 544 2538 Mysiam
567 2455 811 2538 expeditionem
833 2457 965 2519 domum
986 2457 1142 2536 redirent,
1164 2459 1290 2518 factum
1364 2495 1365 2520 ;

282 2556 316 2618 id
338 2576 409 2620 esse
430 2569 562 2620 narrant
584 2558 810 2619 auctoritatem
831 2571 1005 2642 sequentes
1025 2578 1147 2641 parvae
1167 2557 1288 2636 Iliadis,
1356 2597 1357 2601 =

250 2657 257 2663 ’
284 2661 325 2726 cf.
359 2673 492 2744 practer
513 2662 548 2722 ll.
570 2663 605 2726 ll.
625 2664 719 2722 Eust.
750 2662 790 2722 ad
812 2662 848 2723 ll.
872 2686 903 2737 a,
932 2664 986 2748 593
1017 2673 1176 2746 captaque
1205 2663 1292 2724 urhe
1356 2693 1364 2730 ῑ,

283 2762 370 2844 regis
396 2764 589 2847 Lycomedis
621 2763 720 2825 filiam
756 2765 796 2824 ah
829 2785 869 2825 eo
903 2783 1119 2847 compressam
1153 2783 1225 2824 esse
1258 2779 1295 2828 et
1362 2783 1363 2837 ζ

271 2873 410 2950 'patrem
433 2887 506 2929 cum
518 2867 584 2929 filia
606 2867 638 2928 in
661 2889 763 2950 regno
778 2867 820 2928 ob
843 2891 912 2930 eam
934 2869 1068 2950 gratiam
1085 2871 1293 2933 remansisse.
1354 2899 1365 2941 -;;

280 2968 348 3029 Alii
369 2979 407 3031 ut
426 2970 644 3033 Philostratus
658 2972 790 3033 Heroie.
813 2991 886 3055 pag.
906 2978 968 3055 704
987 2971 1149 3034 Achillem
1172 2973 1292 3035 adver·
1359 2985 1365 3044 ξ,

280 3089 333 3129 sus
357 3069 576 3151 Lycomedem
608 3072 740 3132 missum
769 3091 840 3132 esse
868 3067 1036 3150 dixerunt,
1064 3086 1101 3134 ut
1122 3071 1291 3136 Theseum

280 3171 505 3234 ulcisceretur.
538 3173 601 3234 Hic
623 3174 707 3235 enim
729 3194 803 3236 cum
824 3175 958 3256 Scyrum
981 3175 1134 3251 venisset,
1157 3196 1174 3234 a
1197 3195 1290 3257 rege,
1353 3195 1365 3249 ,¹

181 3309 186 3330 ι
281 3277 337 3360 qui
359 3297 433 3338 eum
455 3287 511 3338 aut
532 3297 633 3359 regno
655 3287 690 3338 ct
703 3277 796 3337 uxori
809 3271 885 3337 suae
897 3275 1039 3337 insidiari
1054 3276 1292 3358 suspicabatur,
1349 3263 1361 3344 l.

281 3391 336 3440 aut
358 3378 512 3461 gloriam,
535 3401 599 3463 qua
620 3379 707 3442 cives
730 3399 803 3440 cum
825 3377 1054 3456 celebrabant,
1081 3379 1143 3460 ipsi
1163 3379 1293 3442 invide·
1347 3389 1358 3443 a

169 3501 174 3512 ·
280 3483 336 3543 bat
363 3501 478 3542 asaxo
500 3482 734 3562 praecipitatus
757 3492 844 3550 erat3
865 3480 1009 3542 Achilles
1031 3480 1141 3563 itaque
1170 3478 1291 3540 urbem
1345 3496 1363 3536 d

281 3585 385 3666 cepit,
406 3603 518 3666 regem
539 3597 648 3644 tamen
669 3605 734 3644 non
755 3584 939 3661 interfecit,
961 3581 1018 3643 sed
1039 3602 1173 3644 uxorem
1196 3582 1292 3646 duxit
1349 3614 1357 3656 a

281 3688 348 3748 eius
363 3683 471 3764 filiam,
493 3683 535 3746 cf.
549 3684 637 3748 Suid.
659 3705 684 3748 s.
705 3705 737 3746 v.
760 3681 846 3767 ἁρχὴ
871 3683 1001 3766 ostiara.
1023 3685 1116 3744 Paus.
1138 3685 1163 3762 l,
1188 3708 1234 3766 17,
1259 3684 1292 3747 6.
1345 3685 1365 3762 a,

244 3799 247 3813 “
280 3783 443 3868 Lycophr.
469 3782 831 3846 atterminatis.
854 3786 875 3847 l.
915 3784 1031 3844 Mirum
1053 3784 1166 3844 sinon
1188 3785 1290 3846 aliter

279 3909 412 3973 quoque
426 3908 513 3950 mors
546 3906 584 3947 ca
596 3885 715 3948 Thesei
742 3898 869 3947 narrata
891 3883 963 3962 luit,
984 3884 1184 3967 Lycomedes
1197 3885 1288 3946 enim

276 3993 362 4058 filius
383 3995 482 4076 Enyis
504 4002 592 4071 erat,
622 4013 720 4076 quem
740 4012 781 4054 ex
801 3989 942 4054 Ariadne
964 3969 1110 4053 Bacchus
1132 3991 1288 4071 genuisse

279 4101 412 4184 dicitur3
436 4108 568 4183 poterat
580 4097 689 4182 itaque
702 4095 745 4160 ob
760 4097 923 4160 desertam
937 4115 1028 4160 aram
1040 4092 1137 4156 irasci
1128 4092 1281 4156 'Phcseo
1338 4107 1341 4116 ⁴
