2626 4768
444 387 664 452 -105-

39 561 158 642 Dictys
182 561 221 636 ll,
246 577 280 618 sn
303 557 446 620 omnium
466 577 625 623 consensu
644 561 677 624 iu
698 561 833 622 tutelam
854 561 982 624 narium
997 559 1052 620 de·
1107 585 1111 591 ·

41 665 150 724 lectos
173 679 252 722 eum
273 661 383 724 locum
404 662 544 726 tenuisse
565 673 684 725 namet.
726 663 808 724 Cum
835 661 950 724 deinde
972 663 1052 725 Pro·

40 763 200 824 tesilaum
222 762 418 844 sepelirent,
444 762 579 844 Cycnus,
601 765 692 826 cuius
714 781 850 846 reguum
869 761 956 823 baud
976 784 1052 844 pro-

41 866 97 926 cul
128 875 221 942 erat,
251 861 361 924 subito
384 863 525 926 Graecos
554 863 693 944 inradit3
723 871 794 924 erat
822 864 878 924 illa
908 867 1052 947 Neptuni

41 966 131 1029 filius
164 985 274 1050 nequa
302 963 394 1027 ferro
427 983 546 1048 corpus
586 967 652 1028 eius
685 966 803 1027 violari
833 977 973 1048 poterat.
1016 967 1053 1027 ln

47 1071 176 1153 Cypriis
198 1069 391 1132 carminibus
412 1069 622 1148 narrabatur,
657 1089 729 1131 eum
753 1068 863 1151 egredi
885 1068 1052 1151 cupientes

47 1173 158 1234 hostes
200 1193 264 1234 una
298 1192 372 1232 cum
407 1173 554 1234 Hectore
592 1170 817 1254 prohibuisse3
858 1169 1053 1233 scholiastes
1172 1176 1176 1184 '

47 1274 185 1338 Pindari
206 1275 246 1336 ad
268 1273 323 1338 01.
345 1276 382 1353 ll,
404 1279 458 1357 147
485 1295 559 1336 eum
590 1293 663 1336 cum
693 1275 827 1336 Graecis
856 1275 889 1336 in
917 1282 1054 1356 augusto

48 1378 96 1438 ibi
116 1377 199 1439 mari
217 1377 351 1440 navibus
374 1375 553 1440 conflixisse
575 1375 619 1438 ait
626 1397 636 1456 3
659 1375 793 1440 Ovidius
806 1386 914 1440 autem
926 1379 1055 1438 Metam.

51 1485 123 1562 ΧΠ,
142 1505 193 1566 70,
226 1506 304 1570 sqq3
340 1483 481 1580 Quintus
503 1484 568 1548 Sm.
591 1485 654 1564 lV,
686 1480 747 1569 469
771 1483 887 1566 Cypria
914 1483 1055 1545 carmina

50 1594 250 1670 sequuntur3
283 1607 345 1670 per
373 1597 505 1648 noctem
530 1605 603 1647 eum
626 1585 793 1648 advenisse
813 1585 945 1648 tradunt
969 1587 1054 1646 Tne·

51 1699 122 1750 tues
143 1687 314 1752 Antehom.
335 1705 366 1749 v.
388 1689 464 1768 2573
487 1689 532 1751 lo.
553 1689 628 1752 Mal.
650 1707 721 1771 pag.
747 1697 812 1760 auls.
853 1689 905 1752 Ab
927 1688 1054 1756 Achille

52 1816 128 1856 eum
150 1795 292 1856 occisum
313 1802 348 1853 et
367 1791 563 1855 suffocatum
585 1813 654 1855 esse
677 1806 826 1856 constans
846 1794 989 1858 omnium
1011 1795 1057 1855 sa·

52 1919 104 1959 ma
125 1907 193 1980 est3
225 1896 308 1958 adde
327 1895 464 1958 Diodor.
487 1898 528 1962 V.
549 1915 621 1978 pag.
643 1897 714 1982 398.
754 1897 910 1980 Reliquas
943 1897 985 1959 de
1016 1919 1055 1960 eo

54 1999 177 2066 fabulas
197 1999 272 2082 lege
292 1996 378 2080 apud
401 1995 510 2060 Sobol.
533 2008 567 2058 et
587 1998 680 2057 Euat.
702 1995 742 2056 ad
763 1997 799 2057 ll.
822 2020 853 2077 a,
875 2000 917 2061 38
938 2007 973 2060 et
994 1999 1056 2063 Co·

56 2123 131 2164 nou.
153 2125 236 2164 narr.
258 2121 306 2167 m.
344 2100 446 2163 Filius
478 2103 546 2164 eius
568 2105 698 2162 Tenues
727 2099 864 2160 insulam
886 2102 1056 2166 Tenedum

58 2213 273 2285 occupaverat
293 2203 413 2264 eiectus
435 2211 583 2286 epatre,
617 2223 714 2287 quem
738 2202 932 2264 calumnians
953 2201 1057 2264 filium

56 2324 194 2366 noverca
216 2301 258 2366 ad
279 2301 311 2363 id
332 2301 456 2365 facinus
476 2303 662 2384 impulerat.
704 2303 786 2364 Cum
808 2311 917 2362 autem
940 2300 1058 2362 Graeci

55 2407 177 2471 crebris
203 2407 347 2500 bostium
377 2407 615 2471 incursionibus
646 2407 731 2470 auxii
759 2420 885 2486 essent,
920 2405 1057 2470 consilio

59 2513 219 2575 communi
238 2513 406 2576 decretum
428 2523 501 2592 est,
536 2521 573 2575 ut
594 2534 705 2576 omnes
727 2513 876 2576 finitimas
910 2515 1057 2576 civitates
1163 2577 1167 2584 ,
1268 2537 1270 2544 ·

61 2629 299 2699 oppugnarent,
328 2619 373 2678 ita
386 2617 510 2699 Dictys.
537 2617 647 2678 Primo
670 2616 780 2700 itaque
802 2617 901 2699 Cycni
921 2638 1058 2699 regnum

58 2715 261 2796 invaserunt3
297 2716 408 2778 sedem
441 2716 508 2777 eius
531 2715 673 2777 Colonas
705 2714 804 2777 fuisse
837 2717 954 2780 Strabo
975 2716 1060 2793 Xlll,

56 2841 126 2904 pag.
147 2825 218 2896 882.
240 2823 286 2893 A3
314 2845 386 2909 901,
408 2827 465 2903 A,
488 2835 522 2886 et
554 2821 728 2883 Pausanias
749 2823 789 2902 X,
815 2827 861 2902 14,
894 2848 913 2885 a
938 2821 1061 2900 dicunt,

59 2929 203 2991 Colonen
233 2928 357 2991 Plinius
378 2931 464 2992 Hist.
491 2931 564 2992 Nat.
585 2931 626 3007 V,
648 2929 698 3008 32,
730 2949 803 3012 pag.
832 2934 911 3010 47⁰3
941 2931 1054 3014 Dictys

59 3044 163 3093 autem
184 3032 514 3094 Mentoreusium
543 3031 707 3094 civitatem
729 3035 821 3114 regni
843 3045 941 3116 caput
971 3033 1060 3094 babi-

56 3141 119 3194 tam
139 3154 214 3196 esse
237 3133 346 3212 tradit,
368 3135 519 3196 Coronen
540 3133 764 3200 autemnliam
786 3135 952 3196 civitatem
971 3137 1061 3197 illen-

56 3237 239 3300 torensibus
261 3239 324 3299 illis
346 3237 507 3300 subditam
529 3237 641 3299 fuisse.
674 3237 710 3296 ln
730 3237 788 3297 illo
810 3237 924 3299 vitium
944 3239 1061 3318 inesse,

56 3347 88 3398 et
106 3340 173 3402 boc
193 3341 227 3402 iu
249 3340 439 3402 Colonen
461 3360 531 3402 esse
552 3339 741 3402 mutandum
765 3350 911 3422 apparet.
955 3342 1061 3433 Quam

57 3442 204 3505 Colonen
218 3463 292 3506 cum
312 3443 345 3504 iu
357 3444 491 3526 gratiam
503 3443 774 3523 Maeandriorum,
795 3445 851 3528 qui
872 3466 944 3506 cum
961 3447 1062 3508 Grae·

57 3545 99 3604 cis
121 3566 238 3627 pacem
259 3543 413 3608 fecissent
434 3560 467 3608 et
487 3544 544 3607 lidi
563 3547 600 3608 iis
621 3545 890 3629 permansissent,
920 3571 986 3611 non
1007 3569 1061 3610 ex·

55 3659 233 3730 pugnatam
255 3667 344 3725 esse,
376 3666 490 3729 pacem
524 3655 632 3708 autem
654 3666 727 3709 cum
756 3647 870 3708 incolis
893 3648 960 3709 eius
983 3647 1061 3708 cisi·

55 3757 140 3832 tatis,
164 3775 247 3842 quae
269 3765 367 3839 caput
396 3755 486 3838 regni
500 3756 597 3837 Cycni
620 3769 689 3818 erat
711 3756 828 3817 factam
851 3774 920 3816 esse
942 3751 1059 3826 tradat,

58 3877 141 3940 quae
177 3857 288 3920 civitas
317 3858 405 3922 Νέαν
427 3851 545 3941 ἄνδρας
567 3861 751 3942 appellatur
774 3858 813 3920 ab
844 3860 963 3920 Ioanne
984 3854 1061 3918 Mat.

58 3979 130 4042 pag.
165 3964 239 4030 1243
267 3959 452 4023 Neandrurn
473 3983 490 4021 a
514 3959 684 4038 Cedreuo,
717 3957 883 4022 Neandros
907 3978 924 4016 a
945 3959 1062 4035 Plinio,

58 4060 220 4126 Neandria
247 4083 265 4124 a
292 4061 453 4128 Strabone
494 4063 590 4142 Xlll,
624 4081 697 4149 pag.
735 4081 791 4147 9⁰¹
828 4071 862 4122 et
895 4059 1064 4146 Stephano
