2722 4776
692 405 893 492 ..pg-

299 601 489 674 Hectorem,
511 597 573 660 etsi
593 595 810 679 improbasset
831 617 851 674 a
870 593 974 660 fratre
990 595 1023 660 in
1035 594 1201 677 hospitem
1230 615 1326 656 com·

300 701 436 763 missum
459 699 588 779 scelus,
621 698 784 761 Helenam
804 710 913 762 tamen
933 718 999 761 uon
1020 694 1226 759 reddendam
1250 715 1328 758 esse

278 804 461 870 'censuisse
481 803 572 884 dicit,
593 797 715 888 quippe
738 823 820 888 quae
842 805 991 889 supplex,
1012 820 1054 864 ne
1075 798 1110 862 id
1123 796 1242 878 fieret,
1268 821 1325 882 pe·

301 907 422 986 tiisaet3
457 927 521 990 qua
542 903 730 968 narratione
758 925 954 988 generosum
975 902 1127 968 Hectoris
1158 901 1324 978 animum,

300 1011 403 1096 qualis
423 1031 443 1071 a
463 1009 569 1092 poetis
591 1009 787 1094 plerumque
821 1007 1039 1086 describitur,
1070 1005 1195 1089 optime
1234 1005 1322 1070 desi·

298 1134 399 1200 gnare
420 1113 570 1196 videtur3
593 1111 636 1179 cf.
658 1115 682 1193 1,
702 1119 723 1186 4
731 1136 741 1194 3
762 1129 800 1197 73
825 1135 880 1195 ¹⁰3
902 1117 942 1193 11,
965 1110 1015 1181 24.
1037 1133 1086 1197 sq.

379 1215 529 1278 Antenor
548 1216 673 1298 legatos
692 1215 836 1300 hospitio
859 1227 1051 1300 exceperat,
1082 1237 1226 1301 cumque
1254 1221 1318 1278 An·

304 1318 462 1394 timachus
494 1315 556 1378 iste
582 1329 719 1379 auctore
739 1318 858 1380 Paride
879 1318 1008 1380 insidias
1029 1317 1067 1380 iis
1089 1327 1243 1380 strueret
1266 1331 1318 1380 aut

300 1425 338 1479 ut
360 1415 591 1479 occiderentur
613 1425 703 1480 certe
724 1419 885 1498 suasisset,
907 1419 975 1480 eius
988 1419 1193 1502 potissimum
1210 1440 1316 1503 opera

302 1520 425 1584 servati
446 1527 531 1583 sunt.
553 1520 590 1580 ll.
603 1543 633 1601 y,
655 1519 733 1599 2053
754 1523 783 1596 λ,
808 1519 1113 1588 recortanam.
1131 1522 1172 1604 ις
1197 1525 1314 1587 Teste

301 1629 420 1691 Auteh.
440 1627 502 1714 ¹196
510 1648 521 1700 3
553 1627 641 1690 Dict.
663 1629 703 1708 II,
725 1647 775 1692 aa.
817 1627 899 1690 Hinc
921 1639 993 1692 orta
1015 1629 1127 1692 fabule
1147 1630 1190 1692 de
1213 1636 1315 1696 Ante-

301 1731 389 1820 noris
413 1731 681 1816 Graecorumque
709 1740 824 1802 mutua,
842 1728 1074 1798 benevolentia
1105 1725 1139 1796 et
1161 1734 1312 1812 amicitia,

302 1840 401 1913 atque
437 1831 477 1896 de
497 1833 623 1916 patriae
643 1832 851 1915 proditioue,
881 1854 978 1918 quam
999 1833 1127 1898 crimini
1147 1833 1229 1900 dant
1252 1843 1311 1900 An*-

302 1935 420 2002 tenori.

613 2409 856 2486 ‘CAPUT
906 2409 973 2482 VI.

404 2652 634 2710 arraaarus
651 2621 777 2721 secur,
796 2651 1029 2712 carmoeos
1046 2653 1203 2714 ramur.
1344 2717 1346 2792 4

305 2915 474 3024 Reduces
495 2961 617 3024 infecta
638 2980 674 3024 re
695 2962 794 3045 legati
815 2979 891 3025 cum
910 2960 1053 3044 singula,
1082 2983 1166 3047 quae
1186 2966 1307 3046 Troiae

243 3131 246 3137 ,
304 3067 433 3155 experti
453 3076 556 3148 erant,
578 3067 815 3150 exposuissent,
834 3067 999 3152 principes
1023 3069 1226 3134 Graecorum
1249 3073 1306 3136 Ar·

305 3171 353 3254 gis
376 3169 565 3232 convenisse
586 3167 697 3255 ibique
718 3169 927 3233 iureiurando
948 3169 1029 3233 belli
1050 3171 1205 3236 adversus
1228 3157 1306 3236 Tro·

305 3274 394 3337 iunos
429 3273 618 3336 societatem
650 3271 860 3335 confirmasse
892 3285 926 3335 et
965 3276 1066 3337 totius
1094 3276 1309 3359 expeditionis

282 3373 424 3452 ‚ducem
451 3378 723 3457 Agamemnonem
755 3392 883 3437 creasse
904 3375 1017 3459 Dictys
1048 3377 1080 3457 1,
1104 3397 1159 3457 ης
1187 3391 1309 3443 narrat.

305 3480 572 3563 Antiquissimum
596 3472 726 3566 fabulae
748 3471 895 3550 ordinem
915 3477 1082 3541 uerissime
1105 3479 1312 3562 Thucydides

306 3583 331 3661 I,
353 3603 383 3667 9,
403 3579 540 3659 iudicat,
566 3579 615 3641 uti
635 3579 699 3639 iam
721 3598 820 3661 supra
840 3578 968 3659 monui,
990 3579 1177 3656 Atridarum
1198 3594 1313 3646 aucto·

307 3686 403 3749 ritate
427 3697 460 3748 et
482 3681 596 3765 opibus
620 3681 820 3742 Graecorum
841 3683 1003 3766 principes
1027 3681 1206 3748 commotos
1240 3706 1315 3748 esse

307 3781 348 3846 ad
368 3785 448 3869 belli
470 3781 667 3861 societatem,
689 3781 779 3866 quod
799 3783 904 3846 altero
925 3785 1103 3847 Homerico
1125 3786 1199 3848 loco
1219 3784 1257 3848 ll.
1283 3810 1314 3862 a,

310 3887 368 3948 158
407 3883 575 3961 firmatur,
609 3903 674 3967 quo
708 3882 850 3946 Achilles
877 3888 1150 3966 Agamemnonem
1182 3898 1314 3949 secutos

225 4052 226 4056 ,
309 3982 451 4046 Graecos
473 3969 565 4044 dicit,
601 3983 804 4068 Easquoqus
826 3984 1019 4066 Cypriorum
1040 3984 1216 4046 carminum
1235 4004 1313 4047 nar-

219 4135 225 4147 .
307 4084 390 4146 ratio
412 4083 484 4165 fuit,
505 4082 551 4144 sic
582 4082 668 4146 enim
687 4083 827 4148 Procius
857 4083 899 4149 de
926 4075 1065 4151 Atridias
1098 4083 1212 4150 ἔπειτα
1232 4082 1314 4161 τούς
