2722 4776
502 429 703 491 ..70-

80 611 244 666 constans
266 596 410 662 omnium
439 597 510 660 lere
531 597 728 678 scriptorum
749 614 924 660 cousensus
955 607 1104 666 testatur.

80 706 233 769 Praeter
252 700 323 778 hos,
345 719 427 782 quos
449 719 488 760 ex
502 699 645 760 Scironis
666 695 732 760 filia
753 711 922 780 genuerat,
944 701 1039 763 Paos.
1060 703 1101 778 11,

83 822 145 888 29,
166 817 204 887 93
232 811 289 862 aut
323 819 363 862 ex
390 795 536 860 Endeide
567 799 715 860 Chironis
742 797 826 876 filis,
859 799 1014 883 Apollod.
1046 804 1101 882 Ill,

89 927 145 984 re,
166 906 207 986 63
239 908 356 966 Taetz.
384 900 425 963 ad
443 902 521 983 Lyo.
549 901 610 983 523
642 901 753 965 Sohol.
775 903 813 964 ll.
836 927 868 982 u,
903 907 976 984 1803
1008 905 1100 968 Pind.

84 1016 190 1076 Nem.
210 1013 254 1088 V,
277 1029 329 1088 123
349 1007 445 1070 Diod.
459 1010 516 1085 lV,
538 1025 609 1089 pag.
621 1004 701 1085 3163
724 1005 824 1066 aliurn
837 1005 939 1068 lilium
953 1007 1101 1071 Phocum

91 1111 226 1174 Aeacus
247 1130 288 1172 ex
307 1105 509 1172 Psammathe
531 1105 631 1168 Nerei
651 1103 718 1166 filia
738 1105 870 1186 habuit3
892 1109 934 1171 es.
956 1121 1054 1172 auott.
1067 1111 1102 1173 ll.

94 1223 132 1276 et
152 1216 270 1278 Aaron
295 1209 366 1272 Lib.
392 1211 443 1274 38.
472 1207 583 1272 Schol.
604 1207 698 1270 Pind.
721 1207 776 1270 01.
796 1210 891 1288 vlit,
925 1211 975 1294 39.
996 1212 1102 1278 Sedu

96 1325 205 1378 matre
225 1310 349 1374 inuitati
371 1322 428 1372 aut
446 1307 629 1374 invidentes
650 1307 755 1384 fratri,
777 1329 876 1392 quern
891 1308 933 1371 ob
946 1312 1102 1378 virtutem

98 1415 226 1476 Aeaeus
245 1411 328 1476 mire
349 1407 522 1492 diligebat,
550 1408 710 1491 gloriam,
742 1410 862 1472 Peleus
891 1421 925 1474 et
945 1414 1103 1478 Telamon

97 1512 267 1578 eonsilium
286 1512 441 1589 inierunt,
462 1518 501 1572 ut
520 1507 666 1575 Phocum
687 1508 893 1592 occiderent,
916 1522 949 1575 et
971 1513 1011 1574 ab
1033 1516 1103 1578 aliis

95 1617 216 1680 Peleus
245 1614 287 1676 ab
315 1614 387 1697 eliis
409 1613 567 1676 Telamon
599 1630 674 1673 eum
704 1613 739 1674 in
767 1611 846 1677 ludo
872 1614 1001 1705 lagida,
1034 1637 1100 1702 quo

96 1719 274 1782 utebantur
295 1715 375 1780 disci
394 1715 478 1793 loco,
499 1711 627 1790 oceidit,
649 1715 790 1778 occisum
812 1715 928 1780 deinde
950 1719 1033 1782 olum
1051 1741 1100 1783 se-

93 1822 294 1904 peliverunt.
334 1818 362 1880 F
363 1813 530 1878 ratrioidas
558 1815 659 1877 iratus
688 1827 783 1898 pater
811 1839 830 1880 e
860 1838 962 1902 regno
994 1821 1101 1900 eiecit,

94 1939 130 1990 et
152 1925 310 1986 Telamon
341 1919 473 2005 quidem
511 1917 674 1980 Salamina
694 1917 791 1996 abiit,
813 1919 869 1982 ubi
889 1943 907 1982 a
929 1921 1100 1988 Cenchreo

98 2029 168 2092 eius
189 2027 314 2088 insulae
334 2041 424 2104 rege,
446 2039 521 2082 eum
540 2019 567 2080 is
588 2017 712 2080 liberos
732 2040 799 2098 non
819 2021 1021 2106 reliquisset,
1048 2043 1101 2084 re-

96 2148 198 2212 gnum
218 2122 353 2205 aceepit.

180 2226 274 2290 Pelei
307 2241 359 2284 res
392 2231 501 2284 autem
528 2217 620 2284 vario
650 2218 748 2283 modo
788 2232 976 2303 narrantur,
1012 2225 1101 2308 quod

97 2325 209 2390 mirari
228 2347 295 2387 non
315 2323 408 2401 licet,
434 2340 509 2383 oum
531 2339 614 2402 quse
641 2317 683 2384 de
705 2339 745 2384 eo
766 2332 940 2386 narrantur
960 2345 1032 2386 cum
1054 2325 1101 2388 sa-

95 2433 181 2496 bulis
210 2429 252 2494 de
284 2449 364 2510 apro
397 2423 575 2508 Calydonio
603 2433 639 2488 et
669 2447 743 2488 eum
770 2428 997 2510 Argonautiois
1025 2454 1101 2496 con-

97 2543 209 2602 iuncta
229 2547 314 2602 sunt.
356 2532 580 2594 Adsuetum
601 2527 641 2590 eb
665 2529 751 2606 aliis,
785 2528 825 2588 ab
847 2529 916 2590 aliis
937 2531 978 2592 sd
997 2535 1101 2616 Eury·

98 2660 170 2710 tum
191 2640 353 2722 aufugisse
374 2635 502 2712 dieitur,
523 2631 742 2694 adulatorem
763 2630 802 2693 ab
825 2631 905 2694 aliis.
940 2635 1099 2700 Pindarus

96 2753 190 2814 Nem.
212 2749 268 2823 lll,
288 2745 330 2808 55
350 2763 428 2827 sqq;
449 2740 491 2803 ef.
513 2738 650 2802 Pheres.
671 2737 715 2804 fr.
732 2741 763 2804 3.
786 2761 860 2804 eum
880 2739 921 2804 ad
940 2745 1100 2828 Eurytum

95 2852 153 2918 vel
170 2848 362 2930 Erytionem
383 2840 514 2907 Actoris
535 2837 638 2902 filium
659 2840 785 2904 venisse
813 2841 909 2928 dieit3
942 2867 1004 2928 pro
1030 2846 1099 2914 filio

97 2968 226 3043 petrem
246 2957 405 3017 Actorum
431 2949 539 3032 ipsum
569 2946 696 3010 solenni
728 2945 950 3014 immutatione
971 2966 1027 3016 aut
1048 2977 1100 3018 er·

98 3087 176 3130 rore
196 3063 363 3126 nominant
382 3055 548 3122 Diodorus
570 3056 625 3134 IV,
645 3073 697 3138 72,
728 3057 917 3120 Eustathius
946 3059 987 3120 ad
1009 3060 1044 3120 ll.
1067 3062 1118 3139 β,’

98 3173 177 3254 684,
211 3170 267 3256 qui
287 3169 422 3232 Peleum
451 3185 469 3228 s
499 3161 599 3226 caede
620 3162 731 3225 fratris
765 3163 968 3246 expiasissot.
1011 3165 1098 3228 lrum

96 3276 288 3362 Eurytionis
308 3281 435 3356 patrem
456 3265 600 3330 nominat
619 3265 802 3330 Antoninus
820 3265 892 3328 Lib.
913 3266 965 3344 38,
986 3267 1098 3328 eadem

97 3383 243 3456 ratione,
276 3397 350 3437 nam
370 3385 407 3436 ut
428 3371 483 3434 alii
501 3369 635 3432 tradunt
654 3368 783 3432 Actoris
803 3367 889 3430 filius
910 3369 979 3431 lrus
1000 3390 1099 3453 genu·

69 3459 73 3468 Δ
100 3493 173 3547 erat
192 3478 421 3561 Eurytionem:
441 3472 484 3534 ol.
505 3476 618 3533 Tzetu.
639 3465 680 3532 s'd
700 3471 860 3552 Lycophr·
887 3472 954 3554 ¹75·
995 3473 1099 3555 Eury·

97 3593 151 3648 tus
172 3580 281 3662 itaque
300 3575 403 3638 Peleo
424 3571 553 3654 expiato
574 3571 671 3632 liliam
693 3568 933 3651 Antigonen
963 3593 1097 3634 uxorem

98 3680 205 3744 dedit:
229 3677 340 3761 Apoll.
361 3675 438 3754 1‚8‚
460 3687 498 3754 23
519 3674 575 3747 111,
600 3673 651 3749 13,
672 3671 708 3752 33
728 3668 906 3754 Pherecyd.
928 3673 950 3734 l.
964 3671 986 3734 1.
1008 3669 1097 3732 Suid.

99 3806 123 3849 s.
144 3805 176 3850 v.
197 3776 398 3862 Ἀταλάντης
421 3777 475 3842 alii
493 3785 530 3838 ut
540 3773 715 3858 Staphylus
738 3774 978 3856 Eurydicen
999 3774 1098 3836 Acto-

98 3887 144 3949 ris
170 3881 275 3946 filiam·
299 3881 487 3964 appellant,
520 3895 603 3961 quae
631 3895 713 3938 uxor
732 3872 825 3936 Pelei
846 3871 961 3936 fuisset
981 3885 1014 3936 et
1033 3873 1097 3935 Po-

98 3987 245 4070 lydorum
275 3983 375 4048 filiam
409 4001 449 4044 ex
474 4001 515 4044 eo
535 3979 715 4064 genuisset,
747 3975 859 4040 Schol·
896 3975 931 4036 11.
953 3997 986 4055 π,
1023 3976 1097 4058 1753

99 4087 355 4171 Polymslam
375 4071 503 4151 Actoris
524 4081 621 4149 liliam
643 4078 721 4142 dicit
740 4073 929 4140 Euttflthiffi
951 4073 992 4138 ad
1012 4077 1051 4138 ll·
1065 4077 1098 4158 β»
1283 4084 1287 4093 ’
