2626 4768
668 421 893 488 ..169-

275 592 398 656 calloso
416 603 453 654 'et
473 593 662 675 importuno
683 590 764 653 mari
784 589 917 674 plorimi
938 590 1037 672 inquo
1058 585 1097 648 iis
1122 585 1216 648 Aiax
1240 607 1287 668 pe

275 697 368 758 riisse
402 693 572 774 dicuntur3
605 693 651 756 sic
686 713 756 756 rem
790 702 925 756 namant
953 689 1063 752 Schol.
1090 691 1230 772 Eurip.
1260 691 1286 752 l.:

272 797 385 878 Dictys
406 797 463 874 Vl,
485 794 547 878 in.3
568 793 730 878 Hygini.
755 793 826 865 1163
850 795 944 858 Serv.
964 793 1100 858 adden.
1124 795 1190 870 xl,
1219 793 1287 867 26⁰3

129 935 132 945 ·
253 903 390 965 -Tnetm
418 899 459 960 ad
480 901 557 982 Lyc.
584 899 662 978 3843
696 900 765 981 387.
806 900 889 960 Erat
916 893 1288 978 tragoedia-Sophoclis

273 1003 479 1086 Nauplius
507 1003 680 1085 inscripta,
701 1000 849 1085 fragmm.
871 999 923 1062 ed.
943 999 1040 1065 Both.
1059 1020 1140 1082 pag.
1164 1001 1224 1086 59,
1247 1021 1288 1060 cu

273 1102 323 1164 ius
345 1102 535 1184 tragoediae
555 1101 637 1164 haec
657 1103 726 1186 ipsa
747 1119 800 1164 res
822 1113 1046 1184 argumentum
1068 1101 1182 1164 fuisse
1208 1105 1287 1166 vide

274 1216 340 1269 tur.
381 1209 457 1268 Huc
485 1226 618 1290 quoque
643 1205 818 1268 reserenda
844 1205 1014 1282 ridentur,
1044 1225 1134 1287 quae
1160 1208 1286 1270 Plutar

274 1308 355 1370 chus
377 1308 527 1403 Quaestt.
549 1311 605 1373 Gr.
636 1307 676 1372 33
709 1316 836 1386 narrat,
862 1308 1037 1401 Nauplium
1065 1327 1147 1368 cum
1176 1312 1285 1373 Graeci

275 1429 351 1473 eum
370 1421 660 1496 persequerentur,
681 1409 861 1493 supplicem
881 1407 1067 1491 profugisse
1091 1409 1136 1470 ad
1164 1412 1284 1474 Chalci

224 1515 228 1524 “
269 1513 402 1594 denses,
422 1513 587 1598 aquibus,
607 1533 680 1575 cum
703 1533 829 1574 causam
849 1531 940 1572 suam
960 1518 1095 1572 strenue
1117 1511 1296 1589 defendis,

275 1627 337 1696 tet,
355 1615 551 1699 praesidium
571 1618 725 1679 iuvenum
747 1614 935 1696 accepisset,
956 1633 999 1676 ne
1019 1613 1099 1676 dolo
1122 1615 1232 1680 forte
1244 1639 1294 1680 ne.-

279 1729 409 1781 caretur
428 1715 714 1802 praecaventibus,
748 1715 901 1801 quoniam
921 1715 1064 1798 prodere
1086 1737 1174 1778 eum
1199 1716 1292 1781 ΜΓ

274 1843 328 1885 me
349 1821 539 1887 voluissent.
580 1821 685 1882 Aliam
716 1817 859 1880 fabulam
890 1839 974 1905 qnae
995 1818 1141 1882 adhaec
1165 1844 1261 1886 anne
1295 1875 1296 1880 ,

275 1924 355 2004 fuit,
387 1933 516 1988 enarrat
534 1923 705 1984 Pausanias
735 1924 773 2001 Il,
796 1923 845 2000 ad,
871 1939 904 2004 ις
927 1923 1117 2004 complures
1143 1927 1282 1990 Graeco

275 2049 367 2108 rum,
397 2029 453 2113 qui
475 2048 493 2090 c
513 2034 708 2110 tempestate
731 2027 925 2104 evasissent,
959 2025 1063 2086 nudos
1100 2027 1240 2112 frigore
1261 2039 1282 2090 et

276 2125 363 2189 fame
386 2125 552 2189 coniectos
575 2125 710 2186 deornm
741 2124 893 2185 auxilinm
922 2124 1108 2202 invocasse,
1146 2148 1298 2212 cua-nque¹

274 2232 512 2314 processissent
525 2230 559 2288 in
580 2229 734 2310 spelunca
756 2225 893 2310 quadam
904 2227 1036 2289 Baccho
1058 2248 1278 2312 saera·capras

271 2327 395 2394 insultas
417 2349 499 2414 quae
523 2349 561 2390 eo
583 2341 723 2412 propter
744 2335 971 2412 tempestatem
983 2331 1273 2413 confugissentin-

277 2433 431 2511 venisse,
459 2450 596 2515 quarum
618 2449 713 2491 carne
742 2428 862 2492 famem
883 2429 1067 2512 sedassent,
1098 2451 1122 2492 e
1144 2431 1274 2517 pellibus

279 2541 385 2595 autem
407 2541 514 2595 restes
536 2529 597 2591 sibi
617 2539 795 2613 parassent.

359 2654 535 2738 Nauplium
567 2652 737 2741 filiumque
777 2656 845 2716 eius
885 2653 1028 2718 Oeacem
1060 2655 1122 2717 illo
1161 2667 1285 2722 tantum

279 2761 479 2823 Graecorum
491 2756 649 2842 supplicio
660 2766 834 2821 'contentos
854 2780 919 2820 non
941 2757 1040 2822 fuisse
1059 2777 1203 2826 narrant
1216 2765 1281 2827 scri

279 2872 414 2946 ptores,
442 2860 499 2922 sed
531 2861 728 2922 circumiisse
760 2870 930 2943 praeterea
958 2884 1020 2945 per
1048 2864 1234 2929 Graeciam
1264 2878 1288 2929 et

279 2985 397 3028 uxores
408 2962 586 3040 Diomedis,
608 2961 782 3039 Idomenei,
798 2964 1045 3046 Agamemnonis
1060 2973 1182 3028 contra
1195 2972 1287 3032 mari·

278 3079 330 3133 tos
359 3069 458 3136 ¹stiriis
485 3065 650 3127 calumniis
679 3075 712 3128 et
744 3068 998 3130 accusationibus
1031 3071 1199 3132 excitasse
1239 3095 1285 3136 eos

280 3173 431 3254 tradunt,
455 3165 505 3234 ita
525 3183 651 3250 tamen,
685 3184 722 3232 ut
749 3171 803 3232 'alii
824 3173 1015 3256 Nauplium,
1047 3175 1101 3236 a'lii
1123 3175 1285 3256 Oeacem,

276 3285 454 3355 utrumque
487 3267 540 3328 alii
567 3268 719 3358 mulieres
753 3289 806 3331 eas
842 3273 1023 3354 corrupisse
1049 3286 1218 3358 narrent3
1255 3280 1287 3345 cl.

278 3374 366 3434 Dict.
387 3374 444 3450 Vl,
466 3391 501 3450 23
524 3375 637 3432 Tzetn.
659 3369 698 3430 ad
718 3373 796 3453 Lyc.
816 3357 895 3453 384'3
916 3375 999 3456 Hyg.
1020 3372 1184 3462 fab.118;
1213 3385 1287 3468 quin

278 3472 457 3558 ‘eDidymo
478 3473 666 3537 Eustathins
690 3473 729 3536 ad
750 3474 805 3537 Od
827 3499 858 3552 α,
881 3479 943 3549 344
964 3487 998 3541 et
1020 3479 1130 3547 Schol.
1154 3487 1203 3548 ad
1229 3488 1298 3553 oda

281 3571 310 3657 il,
331 3599 392 3661 797
413 3577 577 3676 referunt,
609 3578 800 3661 Penelopen
821 3600 839 3639 a
859 3581 999 3664 Nauplio
1022 3583 1054 3644 in
1074 3605 1169 3647 mare
1195 3615 1288 3675 prae-

281 3679 446 3761 cipitatam
468 3695 554 3747 esse3
583 3675 667 3739 lilios
689 3696 769 3740 vero
793 3678 860 3739 eius
881 3679 1038 3762 Aegistho
1060 3685 1187 3751 auxilio
1213 3715 1298 3776 pro-¹

278 3777 384 3848 ¹lectos
417 3795 451 3844 et
473 3804 490 3844 a
510 3781 630 3864 Pylade
660 3781 783 3854 occisos
818 3803 888 3846 esse
921 3804 962 3847 ex
992 3786 1121 3874 antiqua
1145 3795 1287 3874 'pictura

280 3885 380 3950 tradit
399 3886 571 3948 Pausanias
593 3885 619 3963 1,
641 3903 689 3963 aa,
711 3883 739 3946 6.

362 3989 430 4051 Eos
452 3989 508 4072 qui
531 3987 612 4049 salvi
634 3985 763 4050 domum
783 3986 958 4052 rediissent
972 3993 1140 4058 Homerus
1153 3995 1238 4069 'Od‚
1258 4027 1284 4085 y,

283 4093 340 4156 180
373 4099 648 4176 sqq0euumerat
680 4091 872 4155 Diomedem
902 4091 1112 4161 Philocteteo
1152 4101 1284 4168 Idome-
