2626 4768
432 403 653 471 —159-

28 604 78 645 se
99 581 262 644 rationem
283 591 381 664 atque
404 579 593 642 continuum
615 578 707 664 quasi
728 568 879 640 tenorem
900 567 964 640 non
977 597 1047 641 esse

28 709 158 748 earum
179 683 380 763 fabularum,
404 705 481 766 quas
503 685 572 745 fors
594 684 671 744 tulit
691 695 747 744 aut
768 704 889 765 procax
910 683 1049 765 scripto·

24 794 87 854 ris
111 788 278 852 cuiusdam
299 787 462 871 ingenium
484 787 580 850 obvia
599 785 736 848 nominis
772 787 906 848 alicuiu's
939 787 1049 848 simili·

28 892 159 954 tudine
181 889 350 952 incitatum
374 909 439 950 non
460 889 585 950 invenit
605 887 664 950 sed
685 885 788 967 fudit,
818 887 844 946 si
865 909 931 949 non
952 909 1051 970 appa·

31 1004 159 1062 rotet
179 1000 305 1053 constat
325 1003 358 1052 at
379 1000 429 1051 est
449 988 619 1072 probabile
648 997 681 1049 et
706 987 778 1048 veri
807 1000 898 1049 certe
927 987 1050 1050 similli-

34 1119 150 1158 mum.
192 1097 298 1155 Erant
326 1093 403 1154 talia
430 1090 591 1174 dugiae
623 1090 783 1168 carmina,
811 1088 853 1151 cf.
878 1091 987 1153 Prool.
1016 1101 1051 1154 et

35 1199 215 1264 Wiillner.
237 1197 277 1258 de
298 1197 405 1280 poetis
427 1196 507 1278 cycl.
528 1215 600 1278 pag.
629 1195 669 1280 93
699 1209 766 1278 sq.3
797 1214 880 1277 quae
910 1197 1051 1257 carmina

34 1329 70 1368 ει
93 1305 181 1366 haud
202 1305 395 1388 frequenter
416 1304 501 1366 lecta
523 1310 607 1381 sunt,
630 1322 736 1386 neque
757 1300 913 1386 frequens
936 1321 1050 1364 eorum

36 1412 172 1474 mentio
193 1407 246 1489 fit,
275 1409 337 1473 hoc
358 1408 433 1472 inde
454 1407 577 1470 factum
599 1426 670 1468 esse
689 1396 838 1485 videtur,
871 1416 940 1468 tum
962 1404 1051 1489 qnod

40 1539 88 1580 ex
109 1518 178 1580 aliis
198 1513 412 1598 scriptoribus
435 1512 550 1598 quibus
571 1513 645 1597 plus
665 1509 870 1590 tribuebant,
889 1510 1051 1572 historicis

41 1633 82 1682 et
103 1617 362 1702 mythogmphis‚
384 1635 422 1678 ea
443 1613 515 1697 ipsa
537 1634 619 1697 quae
641 1612 835 1675 carminibus
855 1612 919 1674 illis
939 1633 1055 1674 narra-

40 1727 169 1786 bantur
195 1721 325 1784 haurire
352 1728 484 1783 veteres
512 1719 771 1794 consuevissent,
805 1725 875 1778 tum
906 1717 996 1801 qnod
1017 1739 1054 1781 ea

37 1847 122 1912 pars
146 1846 229 1909 quae
250 1842 330 1907 prae
352 1821 471 1884 ceteris
491 1819 629 1882 Homeri
648 1837 769 1880 nomen
799 1836 878 1900 prae
899 1837 934 1880 se
968 1818 1053 1880 fere·
1087 1839 1091 1850 ¹

38 1935 115 2014 bat,
134 1934 168 1994 in
189 1930 370 2016 praecipuo
390 1924 516 1988 honore
537 1923 646 1985 habita
667 1933 763 1990 esset.

132 2035 168 2094 ln
196 2028 383 2093 enarrandis
414 2027 512 2092 variis
543 2025 581 2086 iis
614 2023 733 2086 labnlis
755 2044 830 2087 eum
850 2027 1053 2111 potissimum

48 2135 198 2201 ordinem
220 2153 348 2216 sequar,
369 2141 407 2191 ut
427 2127 519 2190 initio
540 2126 628 2188 facto
650 2123 690 2186 ab
711 2125 845 2188 Homeri
860 2128 1054 2190 carminibus

48 2250 86 2299 et
109 2257 190 2322 quae
211 2235 257 2297 ibi
276 2233 468 2307 traduntur,
491 2229 616 2312 reliqua
636 2238 737 2310 prout
758 2229 896 2292 aliorum
917 2230 1056 2313 scripto·

45 2362 123 2401 rum
155 2339 221 2401 loci
241 2349 423 2400 memoratu
451 2333 537 2417 digni
559 2335 761 2396 occasionem
782 2333 944 2416 praebere
966 2331 1056 2399 lide·

45 2441 185 2520 buntur,
206 2440 247 2503 de
268 2440 387 2501 ceteris
407 2435 561 2498 heroibus
584 2433 759 2501 subiiciam.
798 2437 969 2498 Mirabitur
989 2457 1056 2498 me·

50 2563 128 2605 cum
147 2542 191 2604 ibi
211 2543 351 2604 fortasse
373 2540 507 2624 aliquis,
528 2540 584 2623 qni
604 2539 727 2600 factum
748 2537 809 2618 sit,
829 2551 866 2600 ut
888 2547 953 2600 tam
974 2541 1057 2601 mul·

50 2659 108 2709 tae
129 2647 274 2710 civitates
295 2648 329 2708 in
350 2655 416 2706 tam
436 2646 533 2708 variis
553 2645 650 2707 terris
671 2643 710 2706 ab
731 2643 780 2704 his
794 2645 926 2709 Graecis
938 2646 1058 2726 princi·

47 2753 149 2836 pibus
171 2753 321 2816 conditae
336 2769 412 2837 ¹esse
435 2750 593 2812 dicontur.
636 2750 802 2842 Quantum
830 2762 938 2814 autem
963 2753 1056 2814 iniis

47 2851 292 2914 narrationibus
314 2850 354 2912 de
376 2849 552 2933 originibus
568 2849 698 2911 urbium
719 2847 787 2913 ficti
807 2848 945 2934 falsique
958 2873 1057 2916 verae

51 2972 167 3013 rerum
188 2949 345 3012 historiae
374 2950 551 3011 admixtum
578 2961 683 3030 esset,
717 2950 869 3036 equidem
896 2954 1058 3014 neminem

54 3054 233 3116 diiudicare
254 3052 534 3138 possevarbitror3
562 3055 664 3114 multa
684 3055 807 3133 insunt,
836 3074 919 3138 quae
947 3055 973 3114 si
1002 3077 1060 3115 cu·

52 3162 126 3242 pias
148 3137 313 3240 explicare
335 3167 369 3219 et
389 3156 476 3218 unde
498 3170 570 3219 orta
591 3167 699 3220 essent
720 3160 930 3272 postponere,
963 3157 1061 3220 dubia

54 3261 189 3345 quidem
219 3273 252 3322 et
280 3259 483 3342 suspiciones¹
509 3278 642 3321 movere
677 3269 710 3321 at
741 3280 808 3321 non
834 3259 973 3341 implere
995 3260 1061 3320 ani-

51 3389 146 3430 mum
167 3365 347 3428 studiosum
369 3373 403 3425 et
423 3365 578 3446 agitatum
598 3377 745 3448 possunt.
786 3365 840 3426 sic
870 3367 982 3450 quaeri
1001 3389 1061 3450 po-

55 3477 135 3544 test,
156 3486 215 3528 cnr
228 3465 404 3526 Homerica
425 3465 575 3543 carmina,
598 3487 682 3547 quae
702 3478 878 3548 supersunt
901 3467 991 3530 nobis
1009 3488 1061 3530 re-

54 3569 255 3629 motissimae
278 3567 477 3628 Graecorum
510 3560 709 3649 antiquitatis
737 3582 962 3647 monumenta,
994 3592 1061 3630 non

56 3675 262 3759 splendidam
287 3682 385 3758 atque
416 3673 590 3756 gloriosam
619 3671 858 3754 expeditionem
880 3677 998 3736 factam
1021 3675 1063 3737 ad

58 3771 278 3863 proferendos
299 3781 456 3844 linesaut
477 3779 516 3840 ad
538 3778 755 3842 devincendos
778 3780 902 3861 hostes,
922 3782 980 3843 sed
993 3784 1062 3845 vin·

62 3885 220 3949 dicandae
243 3901 277 3949 et
298 3885 482 3949 liberandae
503 3887 647 3948 mulieris
670 3905 763 3946 causa
784 3898 971 3970 susceptum
992 3887 1062 3950 bol-

57 3988 129 4048 lum
152 3989 334 4069 celebrent,
355 3988 443 4051 cuius
465 3987 582 4051 deinde
597 3979 706 4050 ‘exitus
719 3991 796 4050 licet
808 3991 978 4072 gloriosus,
997 4003 1062 4053 tam

62 4089 447 4158 funestustanenmulsis
455 4091 603 4175 plurimis
611 4092 899 4174 veroperniciosus
908 4093 1017 4174 fuerit,
1026 4105 1063 4154 ut
