2722 4776
456 439 577 526 ,aar
621 469 660 482 -

57 621 143 682 hino
159 613 353 680 narrationis
375 607 545 675 diversitas
578 615 692 673 exorta
711 605 764 670 sit.
805 604 920 668 Trium
940 605 1067 672 dierum

60 724 151 786 enim
170 719 310 803 spatium
340 715 423 777 adeo
457 715 608 798 exiguum
641 719 694 774 est
720 711 761 771 ad
781 707 844 772 hoc
864 711 928 772 iter
948 711 1068 775 facien·
1106 701 1109 713 ¹

61 831 162 908 dum,
194 840 231 890 ut
250 829 415 888 Homerus
445 823 515 906 ipse
537 820 597 884 Od.
619 844 648 902 y,
673 819 729 902 157
759 837 841 903 sqq,
871 819 949 881 licet
969 827 1067 880 nocte

58 931 183 1016 dieque
215 929 436 1009 navigassent,
466 929 639 990 Nestorem
668 936 703 990 et
728 925 922 992 Diomedem
951 943 1068 1014 quarto

59 1041 196 1105 demum
216 1035 269 1100 die
290 1034 397 1100 Lesbo
418 1033 527 1116 Argos
547 1032 675 1096 venisse
697 1032 782 1096 dicat
802 1044 902 1097 vento
924 1034 1068 1096 seeundo

67 1162 155 1206 usos.

147 1251 220 1330 Ego
231 1247 341 1330 itaque
352 1243 523 1308 Wisllneri
536 1241 727 1304 sententiam
738 1263 845 1328 neque
859 1235 1001 1326 probare
1014 1265 1070 1307 ne·

65 1375 131 1441 que
142 1352 279 1414 relicere
294 1349 408 1426 audeo,
423 1366 607 1434 quanquam
623 1346 747 1410 accedit
759 1345 850 1426 illud,
863 1346 1071 1432 quodProcli

64 1458 168 1522 verba
181 1477 219 1518 eo
232 1453 357 1518 facilius
380 1459 536 1534 corrupta
551 1467 620 1514 esse
640 1456 787 1534 possunt,
811 1447 899 1535 quod
919 1461 1072 1533 excerpta

68 1575 108 1624 ea
130 1570 214 1636 sunt,
238 1576 323 1642 quae
344 1574 430 1616 nunc
451 1553 623 1636 leguntur,
652 1553 692 1614 ab
715 1553 819 1615 altero·
842 1553 951 1616 nescio
974 1567 1072 1638 quam

67 1673 220 1726 accurate
243 1671 298 1736 aut
319 1657 534 1740 negligenter.
558 1654 668 1732 (Vide,
691 1676 774 1737 quae
796 1660 901 1739 capite
922 1657 1073 1738 sequenti

63 1762 220 1824 dicuntur
233 1757 274 1820 de
289 1766 437 1839 tempore
449 1759 537 1818 inter
547 1767 679 1838 raptum
686 1758 834 1819 Helenae
848 1765 884 1819 et
896 1756 1071 1821 adventum

66 1865 272 1926 Graecorum
292 1859 326 1920 in
347 1855 479 1920 Troiam
500 1860 756 1943 praeterlapso.]

147 1965 230 2024 Cum
262 1960 378 2022 deinde
400 1961 489 2021 Paris
511 1959 691 2037 adveniret,
713 1961 887 2023 tumultum
909 1983 928 2022 a
949 1963 1072 2046 populo

65 2065 202 2128 sceleris
233 2059 308 2122 odio
344 2067 519 2122 excitatum
541 2079 609 2121 esse
636 2061 690 2123 alii
715 2074 863 2144 narrant,
891 2077 929 2127 ut
948 2065 1073 2148 Dictys,
1104 2139 1113 2156 δ

66 2172 123 2235 alii
144 2182 262 2249 autem,
284 2171 322 2230 ul
342 2173 491 2250 Taetues,
513 2171 623 2233 loann.
643 2171 750 2236 Malel.
771 2193 805 2252 p.
828 2191 904 2249 rer,
927 2189 1074 2256 magnam

66 2274 149 2336 adeo
169 2273 325 2339 laetitiam
344 2273 462 2341 civium
482 2270 667 2336 mirantium
685 2276 824 2337 formam
839 2277 983 2342 Graecae
1003 2301 1074 2340 mud

69 2375 159 2438 lieris
194 2373 338 2438 extitisse
375 2374 518 2438 tradunt.
562 2375 720 2437 Constans
755 2389 862 2440 autem
901 2394 1074 2463 poetarum
1145 2385 1154 2404 ⁹

66 2477 211 2539 namatio
246 2484 314 2554 est,
347 2477 382 2537 in
409 2475 538 2540 diversa
559 2477 675 2540 abiisse
698 2487 732 2540 et
750 2479 909 2562 populum
933 2493 965 2543 et
986 2485 1073 2566 prin·

69 2577 157 2662 cipes
179 2581 329 2663 regisque
352 2579 450 2661 ipsius
472 2577 556 2640 lilios
580 2602 720 2664 quorum
738 2582 1075 2665 altersparstllexan·

70 2679 132 2742 dro
154 2679 286 2743 favebat
308 2681 443 2765 eiusque
462 2679 593 2762 incepta
613 2677 791 2762 probabat,
813 2684 915 2745 altera
936 2684 1073 2750 redden·

69 2781 143 2844 dam
164 2783 325 2844 Helenam
337 2801 526 2865 ¹pacemque
548 2779 722 2864 petendam
744 2782 866 2844 frustra
883 2783 1074 2868 censebant;

65 2885 100 2947 in
120 2885 253 2947 illorum
274 2905 413 2948 numero
434 2883 617 2967 praecipue.
632 2881 771 2945 babetur
792 2885 1020 2968 Antimachus,
1040 2891 1076 2952 in

68 2993 118 3055 bis
139 2996 288 3062 Antenor
309 3002 344 3055 et
364 2995 510 3071 Hector,
532 2989 573 3052 cl'.
596 2989 739 3074 interpp.
760 2993 797 3054 ll.
819 3015 848 3074 y,
870 2995 927 3076 573
949 3019 981 3077 η,
1003 2997 1074 3066 545.

68 3095 184 3176 Eurip.
205 3100 262 3174 Tr,
286 3095 378 3174 10033
402 3093 496 3158 ovid.
513 3095 591 3156 stet.
604 3089 692 3173 Xlll,
717 3093 792 3178 1963
813 3095 853 3156 A.
866 3095 906 3160 A.
930 3098 1074 3183 lll,439;

71 3195 125 3275 Ν,
147 3196 237 3258 Fast.
256 3197 316 3278 753
338 3195 534 3278 HoratnEp.
558 3196 583 3273 l,
604 3213 633 3272 s,
653 3215 684 3279 9.
726 3197 905 3258 Hectorem
931 3205 965 3259 et
985 3199 1075 3260 Pria*

68 3319 157 3363 mum
169 3303 296 3365 Helena
309 3305 378 3385 ipsa
399 3319 532 3384 semper
553 3301 732 3364 benevolos
756 3314 790 3364 et
810 3303 927 3365 amicos
950 3322 1026 3386 erga
1040 3319 1075 3366 se

70 3400 170 3464 luisse
191 3403 270 3465 dicit
291 3405 329 3468 ll.
352 3425 389 3476 ω,
409 3403 481 3482 764,
503 3417 576 3488 sqq.
597 3413 636 3465 ut
656 3405 775 3465 merito
799 3402 926 3467 dubites
948 3407 988 3468 de
1000 3409 1075 3470 Ser·¹

66 3507 113 3571 vii
134 3503 298 3588 opinione,
320 3508 376 3590 qui
398 3525 565 3567 saevum
586 3507 765 3568 Hectorem
786 3501 861 3568 ideo
873 3511 1075 3592 appellatum

67 3629 87 3670 a
107 3609 247 3692 Virgilio
268 3611 309 3690 (l,
330 3611 386 3694 99)
408 3605 498 3688 dicit,
519 3613 594 3691 quia
614 3604 707 3668 reddi
727 3607 886 3671 Helenam
906 3613 1074 3692 voluisset,

69 3711 158 3798 quod
193 3714 332 3778 verbum
378 3724 510 3794 poetae*
529 3711 713 3792 explicatur
755 3732 854 3775 versu
907 3717 1013 3778 lliudis
1043 3737 1074 3797 y,
1103 3725 1111 3738 '

69 3815 123 3878 bo.
143 3815 281 3880 Diversa
313 3827 424 3877 tamen
454 3813 493 3875 de
516 3811 658 3875 Hectore
685 3811 786 3877 fuisse
819 3811 903 3877 fama
934 3817 1075 3897 ridetur,

69 3943 143 3982 nam
170 3921 299 4003 Dictys,
327 3923 384 4005 qui
421 3911 524 3984 ubivis
550 3921 653 3982 varias
682 3921 847 3983 variorum
874 3925 1075 3986 narrationes
1160 3923 1165 3940 ⁸

69 4028 260 4087 commiscet
281 4035 315 4086 et
336 4025 548 4108 conglutinat,
571 4023 668 4087 modo
681 4025 889 4108 Deiphobum
905 4023 1076 4112 Helenam,

68 4141 107 4194 ut
128 4153 168 4196 ne
189 4131 404 4212 redderetur,
438 4139 626 4216 precantem
655 4131 813 4272 adiuvipsp
847 4130 946 4214 dicit,
977 4130 1075 4196 modo
