2722 4776
379 427 707 490 1-57—

99 602 189 664 idem
211 603 349 663 Tnetzes
370 596 411 659 ad
430 617 463 672 v,
484 593 545 660 506
565 593 682 672 affert,
712 593 812 658 fuisse
833 595 976 676 Cyonem
1008 615 1109 678 quen-

103 703 180 765 dam
200 723 313 785 regem
335 699 482 778 Achaiae,
503 697 606 761 lilium
628 697 812 776 Ederionia‚
832 699 889 783 qui
909 697 1109 763 adulteratus

97 804 225 866 Ledam
248 801 406 866 Helenam
426 800 611 883 genuisset,
633 820 730 883 quem
753 801 896 882 Cyonem
918 819 935 860 a
957 797 1108 860 Cedreno

99 901 249 983 Cycnum
283 899 451 982 appellari.
473 895 694 979 Hephaestion
727 896 793 978 (ap.
813 893 909 958 Phot.
938 915 1012 978 pag.
1034 893 1108 976 247)

100 1009 223 1068 miram
244 1005 385 1066 fabulam
406 1002 523 1081 affert,
557 1003 667 1064 Solem
689 1001 832 1064 Helenae
853 1011 979 1084 patrem
999 998 1110 1078 fuisse,

101 1122 141 1171 et
160 1110 262 1192 ipsam
282 1111 431 1170 Leonten
449 1126 581 1191 quoque
602 1105 721 1168 dietam
742 1125 822 1172 esse.
856 1106 959 1184 *Tales
981 1103 1109 1168 fabulae

103 1233 146 1276 eo
166 1208 491 1291 facilius'exoogitari
511 1215 682 1290 poterant,
709 1205 798 1290 quod
819 1208 967 1270 Helenae
988 1227 1108 1268 nomen

103 1316 194 1378 idem
236 1322 286 1376 est
333 1333 370 1373 ae
414 1309 542 1394 σελενή.
584 1311 673 1374 Idem
715 1311 803 1394 (pag.
846 1312 921 1391 248)
948 1311 1109 1372 Helenam

101 1417 198 1480 Eeho
238 1427 387 1479 vocatam
429 1435 501 1478 esse
541 1416 641 1480 tradit
681 1427 820 1500 propter
860 1413 906 1488 id,
948 1413 1037 1498 quod
1064 1414 1111 1474 le·

102 1525 193 1608 gitur
230 1523 317 1606 apud
350 1525 533 1584 Homerum
564 1521 627 1584 0d.
661 1521 690 1595 d,
721 1541 791 1603 279.
813 1519 953 1581 -Post
986 1529 1112 1598 raptant

102 1625 266 1686 Helenam
287 1621 377 1684 Leda
409 1623 527 1708 laqueo
556 1623 656 1690 vitam
687 1619 798 1684 linitae
830 1617 969 1697 dicitur,
997 1617 1111 1699 Eurip.

102 1727 225 1792 Helen.
249 1723 318 1790 136.

466 2179 684 2254 CAPUT
733 2177 803 2250 IV.

356 2446 559 2502 RAPTUS
594 2441 846 2502 truamur„

105 2667 308 2799 Amores,
332 2720 388 2804 qui
409 2720 555 2782 Helenae
576 2719 666 2784 nohis
686 2718 875 2782 memoriam
895 2715 1110 2800 reliquerunt,

105 2825 167 2886 etsi
187 2823 222 2884 in
243 2834 309 2882 tam
330 2821 440 2882 multis
470 2821 568 2882 rebus
591 2821 801 2900 dissentiunt,
828 2840 892 2882 uno
923 2827 1109 2880 tamen·ore

108 2927 245 2988 formam
268 2923 335 2983 eius
351 2922 553 3005 praeclaram
567 2924 744 3003 celebrant,
766 2943 848 3008 quae
860 2922 965 3006 primo
976 2929 1110 3003 aspectu
1230 2979 1233 2986 .

108 3028 208 3090 cuivis
229 3025 475 3091 admirationem
496 3038 529 3086 et
550 3046 693 3090 amorem
714 3027 764 3088 sui
783 3026 941 3091 iniecerit.
977 3026 1111 3106 Septem

109 3149 208 3192 annos
228 3127 378 3208 habehat,
401 3149 473 3189 cum
495 3128 547 3192 die
570 3129 707 3214 quadam
728 3128 814 3190 festa
835 3127 980 3190 Theseus
1002 3135 1036 3187 et
1055 3124 1109 3184 Pi-

108 3231 234 3294 rithous
270 3250 340 3291 eam
366 3230 400 3292 in
428 3229 528 3294 choro
556 3232 740 3314 puellarum
774 3232 944 3292 saltantem
973 3236 1011 3286 ut
1036 3245 1111 3288 eon·
1159 3291 1162 3296 ,

110 3341 289 3418 spexerunt
311 3331 356 3394 ita
376 3334 496 3416 ingenti
517 3336 585 3397 eius
599 3357 709 3399 amore
732 3335 1013 3409 eminerammi,
1035 3349 1130 3392 oon·.
1227 3379 1231 3388 .

108 3439 244 3522 silioque
265 3435 414 3518 rapiendi
436 3456 504 3498 eam
526 3447 641 3522 capto,
663 3450 736 3498 uter
757 3447 881 3518 raptam
903 3455 1038 3498 uxorem
1057 3431 1111 3496 ha-

108 3541 217 3623 beret,
238 3556 328 3607 sorte
351 3543 540 3610 decernunt.
583 3545 675 3640 Quae
696 3564 767 3606 sors
791 3564 864 3606 oum
886 3543 1014 3606 Theseo
1036 3563 1111 3606 oon-

109 3643 248 3726 tigisset‚
277 3643 445 3726 Aphidnas
473 3652 724 3726 transportatam
745 3644 841 3706 matri
861 3643 1004 3706 Aethrae
1033 3640 1111 3702 edu·

111 3749 243 3812 eandam
263 3752 398 3836 reliquit
420 3761 454 3812 et
474 3751 544 3832 ipse
574 3771 647 3812 cum
667 3749 824 3832 Pyrithoo
853 3748 892 3809 ad
924 3745 1110 3830 rapiendam

111 3854 348 3937 Proserpinam¹
367 3853 456 3916 abiit.
501 3850 567 3916 Sed
589 3854 704 3914 Castor
731 3867 765 3915 et
784 3831 916 3914 Pollux¹
936 3851 1010 3932 irati
1038 3870 1112 3914 cum

87 4041 88 4046 η
112 3963 254 4024 exercitu
276 3963 419 4024 Atticam
439 3963 587 4026 invasere
609 3973 642 4022 et
664 3960 855 4044 expugnatis
876 3957 1034 4042 Aphidnis
1061 3979 1113 4022 so·

110 4080 217 4128 rorem
248 4063 325 4126 inde
355 4076 389 4124 et
415 4077 552 4132 matrem
573 4061 693 4125 Thesei
712 4061 870 4126 Aethram
899 4061 1113 4128 abduxerunt.
1163 4075 1180 4100 ³
