2722 4776
503 415 704 486 ...37-

183 590 362 667 Heetor,
385 605 484 672 quem
505 587 558 648 alii
574 585 735 668 Apollinis
758 586 863 652 lilium
877 587 1042 671 dixerant3
1062 590 1108 652 sie

100 711 252 755 narrasse
279 691 421 775 lhyeum,
446 689 681 768 Alexandrum,
713 689 970 772 Euphorionem,
1003 694 1108 774 Lyoo·

97 798 261 881 phronem
272 799 372 860 tradit
383 797 584 880 Porphyrius
599 818 651 880 ep.
672 795 782 860 Schol.
799 795 839 858 sd
851 797 889 860 ll.
910 822 939 879 y,
960 801 1038 881 3143
1060 799 1108 862 sio

99 901 325 964 Stesichorum
347 901 457 964 Sohol.
487 901 525 964 ΙΙ.
549 924 587 975 ω,
608 901 687 987 2593
721 903 835 964 Tasta.
869 901 909 962 atl
929 903 1008 984 Lye.
1037 899 1107 964 266.

97 1004 260 1086 Reliquos
289 1002 409 1062 Priami
429 1000 551 1063 liberos
579 1021 619 1064 eo
649 1000 763 1064 ordine
791 1023 857 1086 quo
883 1002 1106 1084 Apollodorus

100 1108 159 1186 lll,
182 1109 231 1182 12,
252 1106 272 1166 5
293 1125 407 1166 eorum
427 1104 557 1166 nomina
578 1113 740 1184 recenset,
761 1103 1044 1188 perlustrehimus.

116 1232 120 1244 ·
181 1210 314 1287 Paris,
347 1208 416 1271 sive
444 1207 660 1298 Alexandrus.
704 1209 771 1269 Cur
804 1209 896 1269 Paris
922 1209 1105 1272 nominatus

99 1313 155 1387 sit,
177 1309 270 1375 vario
290 1307 388 1371 modo
412 1308 577 1390 explicant
597 1311 710 1370 Taetz.
733 1306 772 1368 ud
794 1310 872 1390 Lyo.
896 1311 971 1390 1383
993 1307 1105 1376 Sehol.

100 1415 144 1476 ad
166 1414 203 1474 ll.
222 1435 252 1494 y,
281 1412 351 1478 325.
376 1435 411 1490 μ,
438 1412 497 1494 933
518 1411 633 1494 Eurip.
663 1412 704 1474 ud
736 1411 894 1476 Androm.
922 1417 992 1496 294.
1025 1409 1105 1486 (α’πό

100 1518 162 1580 τοῦ
183 1517 365 1597 παρελθεῖν
386 1509 443 1575 τὸν
462 1508 578 1595 μόρον,
600 1514 654 1577 vel
676 1511 692 1574 ὁ
716 1511 754 1592 ἐνΙ
772 1515 811 1597 τῇ
832 1509 1105 1597 πήρᾳτραφείς.)

98 1625 199 1683 Hune
222 1639 294 1681 eum
315 1628 419 1680 mater
439 1615 576 1678 Hecuba
597 1625 694 1679 utero
712 1629 866 1699 gestaret,
887 1637 948 1700 per
961 1619 1106 1702 quiet'em

99 1722 164 1782 sihi
195 1720 263 1783 visa
291 1731 340 1779 est
370 1718 475 1778 fecem
497 1716 666 1778 ardentem
688 1738 821 1798 parere,
852 1741 915 1800 que
936 1718 1015 1780 urhe
1036 1719 1107 1780 uui·

97 1847 194 1889 versa
216 1837 250 1886 et
272 1823 351 1884 silva
372 1821 491 1886 montis
514 1819 589 1881 ldae
609 1819 739 1882 incensa
760 1820 980 1884 combureret.
1022 1822 1106 1884 Con·

97 1933 177 1994 sulti
199 1931 240 1992 de
262 1951 301 1992 eo
323 1929 483 1991 insomnio
514 1935 607 1989 vates
638 1927 751 2009 ingens
772 1929 895 1990 malum
924 1927 999 1990 urhi
1027 1950 1105 2012 por-

97 2037 190 2099 tendi
211 2037 476 2118 responderunt,
511 2047 544 2094 et
563 2047 602 2094 ut
633 2032 758 2112 infans,
789 2037 846 2118 qui
875 2045 972 2116 partu
999 2035 1104 2098 editus

99 2138 199 2210 foret,
220 2137 253 2196 in
275 2136 364 2218 sylva
387 2135 551 2217 expositus
572 2132 684 2195 bestiis
707 2133 905 2198 obiiceretur
925 2149 1105 2204 suaserunt.

96 2239 245 2299 Priamus
267 2239 376 2321 itaque
398 2236 555 2326 infantem
576 2257 690 2300 recens
712 2248 823 2300 natum
850 2240 974 2323 pastori
1005 2239 1105 2304 tradi-

95 2342 154 2420 dit,
177 2362 273 2426 quem
295 2341 349 2403 alii
372 2340 554 2420 Archialan,
576 2340 688 2404 Schol.
711 2342 749 2402 ll.
770 2366 800 2424 y,
815 2341 885 2421 324,
907 2343 961 2406 alii
978 2345 1104 2408 Arche·

94 2443 194 2520 laum,
215 2447 328 2504 Testa.
350 2443 391 2503 ad
411 2445 489 2524 Lye.
515 2443 837 2524 138,aliisge1aum,
859 2443 1014 2528 Apollod.
1036 2446 1103 2526 tl,

95 2556 234 2622 vocant3
263 2565 379 2607 rerum
412 2565 531 2605 nomen
558 2544 743 2606 habendum
777 2559 827 2607 est
860 2547 1016 2629 Agelaus,
1048 2548 1103 2610 de·

96 2653 261 2726 sumptum
283 2663 301 2704 a
322 2643 388 2704 vita
407 2642 546 2704 hominis
569 2654 603 2705 et
622 2647 769 2706 Homero
791 2665 922 2730 quoque
949 2647 1102 2710 usitatum

96 2748 134 2808 ll.
159 2747 195 2819 θ,
216 2748 292 2827 2573
315 2749 343 2819 λ,
363 2748 436 2836 3o2.
478 2745 531 2808 Ah
552 2744 615 2808 hoe
642 2765 726 2828 puer
746 2746 779 2806 in
805 2759 914 2810 monte
936 2749 1101 2830 expositus

94 2871 157 2932 per
178 2850 321 2932 quinque
356 2846 424 2908 dies
459 2847 499 2910 eh
532 2871 607 2910 ursa
637 2850 778 2913 nutritus
813 2861 871 2914 est.
913 2855 1099 2916 Commotus

95 2953 145 3012 rei
165 2951 322 3012 miraculo
351 2959 465 3031 pastor
494 2950 657 3012 sublatum
690 2971 830 3033 puerum
865 2953 1032 3033 educarit,
1067 2966 1101 3018 et

98 3052 221 3114 Paridis
242 3053 303 3136 ipsi
323 3073 444 3114 nomen
471 3053 576 3132 dedit3
609 3064 725 3137 postea
752 3064 878 3134 temen,
907 3053 998 3138 quis,
1027 3076 1102 3116 cum

100 3156 306 3233 adolevisset,
327 3155 520 3218 fortitudine
542 3163 576 3218 et
595 3154 718 3218 robore
739 3153 826 3216 iuter
849 3154 1001 3236 aequales
1023 3153 1101 3216 emi-

95 3280 174 3321 nens
196 3271 231 3320 et
251 3277 366 3340 greges
398 3259 532 3320 fortiter
554 3257 759 3320 custodiebat
786 3269 821 3320 et
841 3256 881 3318 ab
909 3257 1035 3339 impetu
1054 3258 1100 3318 la·

96 3371 226 3422 tronum
254 3374 389 3422 strenue
417 3358 633 3438 defendebat,
666 3360 869 3422 Alexandrus
904 3359 1010 3422 dictus
1040 3372 1100 3425 est.
1183 3411 1186 3416 Α

93 3467 143 3528 lhi
165 3467 205 3527 etl
226 3489 301 3528 eum
322 3467 413 3526 Deae
435 3475 639 3528 accesserunt
661 3465 762 3542 luno,
793 3465 921 3544 Venus,
942 3466 1099 3544 Minerva,

94 3574 130 3624 ut
151 3565 258 3643 litem,
293 3585 376 3648 quae
398 3566 484 3626 inter
504 3565 587 3646 ipsas
611 3564 650 3626 de
673 3565 779 3624 forme
800 3574 916 3627 exorta
938 3578 1018 3648 erat,
1051 3568 1099 3628 iu·

94 3671 233 3731 diceret:
266 3670 387 3748 locum,
410 3691 476 3754 quo
495 3671 531 3731 id
553 3669 705 3731 indicium
728 3668 870 3732 habitum
894 3683 997 3752 esset,
1031 3693 1100 3732 me·

96 3788 197 3836 morat
214 3773 405 3836 Eustnthasl
427 3777 465 3836 ll.
488 3776 514 3848 ξ,
536 3793 606 3859 292.
640 3777 677 3834 ln
699 3792 738 3836 eo
760 3773 878 3836 iudicio
901 3784 970 3837 tum
993 3778 1097 3838 forma

94 3877 189 3959 ipsius
222 3881 301 3942 deae
339 3896 521 3946 commotus
559 3893 629 3942 tum
668 3882 813 3964 praemio
846 3881 1097 3944 formosissimae

94 3981 200 4042 uxoris
232 3983 393 4065 promisso
429 3995 603 4066 corruptus
633 3987 798 4052 Venerem
832 3983 1096 4046 formosissimam

93 4086 274 4149 declararit.
316 4091 432 4174 Neque
454 4090 557 4151 multo
588 4098 665 4172 post
698 4087 820 4150 suetum
849 4096 909 4164 est,
941 4097 980 4148 ut
1009 4087 1095 4171 rogis
