2626 4768
670 402 891 469 ..100-

323 621 325 632 ,
365 573 473 636 Etiam
494 573 592 654 magu
613 572 703 648 varic
722 575 799 637 snut
819 591 902 659 qnae
923 569 1223 656 deNeoptolerno
1246 593 1289 636 nn

234 723 240 756 .
282 691 417 761 rantnr3
440 679 479 740 ab
492 679 634 744 Homero
656 678 826 742 dissentire
846 681 978 746 videtur
992 681 1126 764 Augias,
1158 680 1230 763 qni
1252 689 1289 740 ter

284 785 386 848 rastri
404 785 522 846 itinere
544 803 619 846 eum
640 783 770 851 domum
790 785 925 850 rediisse
939 785 1101 863 narrabat,
1127 786 1188 848 ef.
1204 785 1289 845 Procl

282 919 328 950 ,-
348 883 447 968 Apud
467 883 669 948 Scholiasten
691 884 730 948 ad
753 884 817 948 Od.
838 909 868 967 y,
894 889 949 971 189
972 886 1115 968 etapud
1129 885 1289 948 Eustatli

286 1007 345 1050 nm
369 985 491 1066 legitur
521 1003 596 1044 eum
618 982 815 1046 Thessaliam
846 1003 950 1068 usqne
983 985 1188 1066 navigasse,
1228 983 1289 1044 und

286 1086 465 1156 combustis
502 1097 656 1160 monente
686 1087 826 1152 Thetide
853 1087 988 1160 natibus
1024 1088 1218 1172 reliquum
1252 1089 1289 1148 ite

285 1193 423 1278 pedibus
451 1187 661 1269 confecisset,
691 1191 865 1276 locumque
899 1191 954 1252 nbi
987 1192 1217 1270 consideret,
1249 1213 1289 1252 sna

286 1295 384 1358 dente
407 1294 535 1358 Heleno
557 1296 695 1374 Epirum
716 1293 901 1376 delegisset.
940 1295 994 1356 Sic
1022 1295 1155 1376 duplex
1183 1294 1289 1356 fabula

286 1419 362 1458 rum
382 1396 464 1458 ordo
486 1395 626 1458 discerni
646 1396 786 1479 poterit,
814 1398 920 1460 altero
942 1397 1076 1458 eumad
1099 1397 1289 1458 Peleum'a

287 1500 485 1570 Thessaliam
513 1498 649 1562 rediisse
688 1500 792 1570 altero
826 1501 979 1564 continuo
1006 1501 1039 1562 in
1066 1501 1233 1582 Epirum
1256 1501 1289 1560 ni

286 1623 397 1687 grasse
431 1623 505 1665 eum
539 1602 691 1665 traditur.
734 1603 836 1664 Causa
869 1616 977 1666 antem
1007 1625 1065 1664 cnr
1098 1603 1136 1664 in
1161 1605 1285 1687 Epiro

286 1707 476 1788 migraverit
508 1707 569 1768 etsi
598 1727 663 1768 non
696 1721 969 1770 commemoratur
1001 1729 1038 1770 ea
1059 1719 1184 1770 tamen
1210 1710 1272 1769 fuis

286 1805 436 1884 videtur,
470 1804 559 1891 quod
580 1807 717 1868 Acastus
738 1827 834 1868 avum
854 1809 1062 1891 Neoptolemi
1080 1809 1240 1871 Pelenm

282 1926 351 1990 gno
387 1907 552 1985 eiecisset,
581 1927 680 1991 quem
709 1911 819 1990 itaque
841 1929 859 1970 a
880 1931 1015 1972 reverso
1037 1929 1077 1971 eo
1100 1911 1140 1971 in
1162 1931 1283 1994 regnu

286 2009 475 2074 restitutum
496 2029 567 2072 esse
587 2023 730 2072 narrant.
762 2012 850 2072 Talis
867 2011 1062 2072 narrationis
1082 2009 1219 2074 fundus
1239 2010 1285 2072 loa'

287 2116 471 2194 Homerici,
493 2117 597 2206 qualis
619 2129 669 2180 est
693 2118 731 2182 ΙΙ.
752 2141 781 2197 τ,
803 2119 873 2198 334,
892 2117 1005 2181 haberi
1024 2133 1186 2200 possunt.
1225 2119 1284 2180 Fuit

287 2223 368 2284 vero'
401 2241 439 2282 ea
466 2241 518 2284 res
548 2233 773 2304 argumentum
801 2223 1058 2307 tragoediarum,
1101 2225 1152 2288 cf.
1185 2225 1279 2305 Enn'p.

288 2322 407 2386 Troad.
441 2327 535 2404 11183
568 2336 602 2388 et
618 2327 696 2388 talis
725 2328 910 2410 tragoediae
932 2339 1165 2412 argumentum
1179 2329 1274 2405 Dictys

287 2436 398 2488 narrat
418 2427 515 2520 Vl‚⁸7
537 2446 604 2508 sq.,
632 2425 805 2507 expulsum
833 2425 872 2486 ab
894 2427 1014 2488 Acasto
1034 2447 1208 2514 regnoque
1221 2425 1274 2508 pri·

286 2540 396 2591 vatum
418 2529 554 2590 Peleum
582 2526 701 2607 fuisse,
733 2527 821 2612 quod
851 2548 923 2590 cnm
944 2531 1213 2612 Neoptolemus,
1240 2527 1282 2614 qni

287 2632 375 2714 apud
394 2633 551 2703 Molossos
575 2645 738 2714 quassatas
759 2653 857 2694 naves
887 2631 1068 2712 reficiebat,
1097 2638 1284 2713 rescivisset,

191 2725 197 2744 '
288 2735 369 2795 dnos
391 2735 613 2816 speculatores
634 2736 668 2796 in
689 2737 888 2798 Thessaliam
909 2739 1012 2817 misit,
1034 2760 1096 2822 per
1118 2765 1209 2825 quos
1229 2762 1289 2840 reru

288 2855 417 2896 omnem
452 2847 674 2916 cognosceret.
718 2835 784 2929 Qui
819 2836 872 2898 ubi
903 2839 1028 2901 reversi
1056 2843 1193 2926 singula
1226 2865 1285 2904 eun

290 2938 506 3018 edocuissent,
528 2939 569 3000 ad
589 2938 764 3021 Sepiadnm
784 2941 875 3002 littns
898 2944 1041 3026 appulit,
1062 2946 1120 3006 ubi
1144 2947 1285 3012 avumir

290 3044 444 3125 spelunca
466 3043 591 3125 reperit
611 3044 785 3123 latentem,
814 3055 847 3106 et
867 3047 973 3128 primo
995 3044 1080 3108 lilios
1102 3049 1226 3114 Acasti
1247 3069 1283 3108 oc·

289 3143 379 3224 cidit,
401 3143 572 3228 ipsumque
594 3143 634 3204 ad
656 3146 844 3226 speluncam
865 3145 1017 3227 pellexit3
1047 3167 1198 3232 cumque
1231 3169 1283 3210 eun

290 3253 458 3314 occisurus
482 3261 584 3331 esset,
606 3274 622 3313 a
645 3253 786 3315 Thetide
807 3271 994 3333 repressus,
1015 3253 1135 3314 Peleus
1158 3275 1247 3318 vcro
1264 3253 1284 3311 in

287 3375 426 3438 regnum
452 3355 620 3417 restitutus
644 3367 703 3416 cst.
745 3355 832 3416 Hace
862 3354 973 3439 itaque
999 3355 1124 3435 Dictys,
1159 3356 1202 3417 in
1236 3371 1282 3438 qna

287 3457 474 3518 narratione
496 3477 592 3518 nemo
613 3477 679 3517 non
701 3455 887 3539 tragoediae
909 3454 1042 3516 alicuius
1064 3465 1284 3538 argumentum

289 3563 454 3646 intelligit.
496 3562 594 3658 Quod
617 3561 695 3624 dicit
714 3563 748 3623 in
770 3572 863 3623 antro
884 3561 1018 3622 Peleum
1041 3561 1211 3642 latitasse,
1244 3581 1283 3622 ex·

287 3687 437 3752 pressum
459 3678 509 3728 est
529 3686 569 3726 ex
589 3665 703 3747 Eurip.
724 3663 879 3725 Androm.
912 3661 1004 3740 1265,
1036 3682 1101 3746 quo
1135 3663 1216 3726 loco
1237 3663 1283 3721 Pe

287 3775 378 3838 lenm
410 3777 445 3837 in
477 3775 632 3858 spelunca
662 3769 798 3858 quadam
829 3783 1020 3853 exspectare
1049 3769 1141 3832 iubet
1169 3770 1280 3842 Thetis,

287 3897 392 3960 usque
414 3875 491 3936 dum
510 3877 581 3958 ipsa
601 3875 729 3937 veniret
750 3885 783 3934 et
803 3871 843 3933 ad
864 3873 1080 3934 immortalem
1100 3871 1207 3934 vitam
1222 3888 1280 3931 eum

289 3979 483 4058 abduceret,
517 3988 551 4042 et
572 3977 724 4040 cohaeret
744 3997 818 4039 cum
839 3977 1038 4053 narratione,
1068 3997 1131 4061 qua
1153 3977 1276 4040 Pelenm

289 4077 323 4146 in
345 4089 438 4146 antro
467 4079 560 4145 deam
586 4079 709 4147 furtivo
732 4078 908 4170 concubitu
930 4080 1162 4164 compressisse
1183 4080 1276 4147 trade·
