2722 4776
632 336 812 398 ..g-

222 499 308 566 lovis
329 503 363 564 in
383 502 567 568 Homericis
589 503 782 569 carminibus
804 505 987 570 traduntur.
1014 507 1089 572 Dici
1110 528 1147 572 ea
1167 531 1227 594 poa

174 593 184 612 '
221 615 287 669 test
307 606 381 670 talis
404 607 640 690 discrepantia,
675 627 758 692 quae
792 610 908 692 populi
927 607 1070 674 moribus
1093 622 1166 695 apta
1186 614 1230 674 sit

222 719 257 768 et
278 706 432 790 propria,
474 705 532 777 sed
554 703 580 768 is
602 720 669 781 uoti
691 721 761 771 erat
781 723 872 780 vates
894 711 952 772 ille
974 709 1110 790 divinus,
1131 720 1168 774 ut
1190 710 1230 772 ad

219 805 314 870 triste
337 816 372 869 et
394 806 594 870 inexorabile
616 810 719 878 fatum
742 817 857 874 cuneta
871 811 1014 884 referret
1036 825 1069 876 et
1090 812 1230 876 ludibria

221 906 360 969 deorum
380 891 623 975 hominescsse
646 907 788 990 diceret,
809 907 871 980 etsi
892 909 964 970 talis
988 909 1142 1002 querelae
1162 931 1228 971 non

219 1008 321 1080 semel
358 1005 465 1070 oblata
487 1007 589 1070 fuerit
617 1007 766 1072 occasioz
799 1031 872 1072 uam
895 1008 920 1070 si
942 1005 982 1070 ad
1001 1007 1081 1080 iram
1102 1011 1228 1092 Apolli-

218 1106 268 1166 nis
290 1125 357 1166 non
377 1103 475 1172 modo
505 1105 563 1175 sed
590 1105 630 1168 ad
658 1107 808 1192 placitam
838 1105 907 1172 lovi
937 1107 1132 1173 sententiam
1160 1117 1228 1169 tola

219 1207 421 1283 Achivorum
443 1208 603 1294 pernicies
624 1209 781 1291 refertur,
812 1207 837 1293 3)
860 1209 886 1274 si
908 1212 993 1274 loris
1016 1211 1110 1272 dolus
1133 1233 1224 1274 eausa

219 1313 380 1392 malorum
403 1327 438 1383 et
459 1317 676 1392 calamitatum
696 1318 829 1399 dicitur,
850 1340 933 1404 quae
954 1339 1016 1407 per
1036 1341 1155 1410 novem
1173 1343 1224 1381 an-

221 1446 281 1486 nos
304 1425 423 1499 Graeci
442 1426 668 1510 pertulerant,
701 1427 932 1512 laborumque,
965 1425 1081 1512 quibus
1113 1427 1147 1490 in
1176 1435 1228 1498 tot

219 1533 336 1615 pugnis
358 1532 601 1618 defungendum
632 1547 724 1616 erat,
755 1545 886 1620 poterat
916 1532 1069 1618 proiecto
1103 1535 1143 1596 de
1162 1531 1227 1604 ,lna

221 1621 380 1724 conqueri
401 1647 498 1721 poeta
505 1659 516 1717 3
543 1637 601 1700 sed
622 1639 718 1721 longe
741 1639 836 1700 aliter
859 1637 974 1716 sentit,
999 1636 1079 1708 nihil
1101 1633 1226 1707 dulcius

221 1759 314 1817 esse,
353 1762 449 1826 quam
470 1741 537 1804 vita
558 1741 698 1830 luceque
719 1743 795 1804 solis
816 1740 902 1819 frui,
935 1740 1014 1812 nihil
1041 1749 1148 1804 morte
1168 1743 1228 1804 mi·

175 1917 178 1922 ,
220 1848 346 1910 serius:
384 1858 510 1910 tantum
532 1847 645 1910 aberat
666 1848 706 1910 ab
728 1849 784 1910 illa
806 1847 972 1925 doctriua,
996 1867 1078 1932 quae
1100 1858 1227 1906 senten-

215 1953 282 2028 ·tias
307 1959 341 2011 et
362 1952 513 2036 querelas
536 1951 639 2033 aegris
667 1961 701 2014 et
729 1951 892 2034 oppressis
914 1947 1103 2020 mortalibus
1125 1948 1225 2023 elicit,

221 2054 353 2137 qualem
371 2052 551 2138 Sophocles
574 2052 675 2134 (Oed.
699 2054 768 2117 Col.
790 2075 821 2118 v.
846 2053 938 2138 1225)
960 2051 1068 2130 ali'erl,
1089 2050 1117 2133 ιι)
1140 2068 1221 2134 quae

220 2160 332 2223 Sileno
351 2161 506 2226 tribuitur
526 2183 543 2222 a
566 2162 723 2224 Cicerone
747 2162 859 2241 (Tuae.
880 2161 922 2252 Q,
945 2161 968 2238 l,
989 2162 1056 2244 48.)
1082 2158 1241 2228 albeo-=

219 2265 318 2348 gnido
340 2265 386 2346 (v.
408 2270 468 2346 4¹7
489 2263 563 2345 ΒΓ.)
587 2283 737 2346 expressa
759 2276 819 2340 est,
841 2272 875 2323 et
896 2283 969 2326 oum
987 2259 1150 2352 'I'bracum
1179 2259 1226 2321 in·

220 2365 342 2439 stitutio
364 2363 546 2447 comparari
567 2372 694 2445 potest,
717 2363 823 2448 qualia
844 2363 884 2424 ab
904 2361 1076 2426 Herodoto
1100 2362 1155 2441 (V,
1178 2362 1226 2443 4.)

220 2453 461 2538 deseribuntur,
496 2463 522 2546 ⁵)
556 2467 718 2535 Homerus
751 2474 788 2526 ut
822 2461 900 2526 deos
935 2463 996 2524 etsi
1028 2460 1226 2522 immortales

220 2555 462 2656 immensaeque
483 2569 709 2654 magnitudinis
743 2577 778 2632 et
806 2565 935 2640 roboris
956 2565 1073 2638 infiniti
1095 2565 1230 2636 bomini·

220 2673 281 2746 bus
303 2674 423 2736 similes
446 2694 516 2736 esse
540 2669 633 2752 dicit,
660 2673 705 2738 ita
726 2674 895 2746 mortales,
927 2673 1008 2735 lieet
1028 2671 1128 2740 morti
1158 2689 1230 2732 auo·

223 2775 386 2855 cumbunt,
409 2776 468 2837 diis
491 2777 680 2862 aequiparat
702 2775 902 2848 fortitudinis
924 2786 958 2836 el
978 2773 1105 2844 formae
1115 2771 1230 2856 gloria,

192 2951 198 2970 Ι
222 2904 321 2970 quam
344 2881 562 2957 immortalem
590 2867 751 2976 perpetua
770 2887 979 2963 posterorum
999 2882 1156 2942 memoria
1179 2901 1228 2940 ee·

219 2987 382 3050 lcbratum
394 2986 435 3062 iri
455 2981 658 3069 opinabatur,
683 3003 791 3066 neque
813 2980 893 3044 baec
912 3001 987 3042 eum
1012 2982 1122 3064 opinio
1134 2981 1228 3044 sel'el·

217 3092 267 3152 lit.
309 3090 399 3151 Talia
421 3103 497 3152 suut
525 3090 666 3160 carmina
689 3088 756 3165 illa,
787 3105 870 3183 quae
902 3099 1113 3158 monumenta
1136 3085 1227 3148 nobis

224 3223 513 3244 nunu-anfi*

256 3335 280 3399 2)
300 3316 336 3382 ll.
359 3344 390 3394 u,
411 3322 432 3383 5
454 3317 536 3394 Διὸς
558 3317 589 3382 δ”
608 3317 769 3392 ἐτελείετοι
791 3311 893 3396 βουλή
918 3315 960 3386 cf.
982 3313 1050 3384 bblt·

256 3436 280 3503 l)
297 3422 344 3506 ’μή
360 3426 466 3509 φῦναι
486 3417 542 3486 τὸν
564 3419 692 3498 ἅπαντα
715 3419 788 3504 νικᾷ
810 3415 924 3499 λόγου
947 3416 982 3480 τὸ
1006 3414 1043 3485 d',
1066 3409 1136 3474 ἔπει
1160 3433 1227 3493 φα-

291 3525 330 3606 νῇ
358 3526 459 3605 βῆναι
497 3526 611 3599 κεῖθεν
640 3516 721 3583 ὅθεν
749 3540 808 3600 περ
832 3515 921 3599 duel,
952 3505 1031 3576 naid
1060 3504 1226 3592 δεύτερον,

290 3624 335 3698 ὡς
355 3624 510 3706 τάχιστα.

210 3735 211 3742 ’
257 3739 278 3802 ⁵)
298 3723 449 3790 Herodoto
468 3725 612 3806 imprimis
634 3733 709 3786 hanc
728 3724 903 3786 senteutiam
918 3724 1064 3788 nascioan
1076 3717 1223 3795 placuisse

291 3847 328 3882 au
345 3827 502 3900 probatam
522 3842 585 3880 esse
605 3823 715 3889 dicam,
741 3842 807 3878 nam
825 3825 931 3876 iterum
951 3815 1053 3872 Soloni
1084 3812 1121 3868 ad
1139 3811 1224 3866 Croe·

290 3937 354 3972 sum
373 3922 411 3985 (l,
428 3919 485 3988 32.)
504 3928 533 3972 ct
550 3905 701 3974 Artabano
718 3916 756 3971 ad
777 3918 899 3971 Xersem
925 3912 1005 3981 (Vll,
1024 3912 1071 3976 46)
1090 3904 1224 3978 loquenti

292 4007 444 4064 toibuilur.
933 4045 943 4080 Ι
