2626 4768
423 403 645 466 ..185-

16 570 272 640 Laomedontis
293 572 432 633 Taetaes
463 569 504 633 ad
523 573 601 654 Lyc.
621 591 659 656 9¹
682 567 831 649 exhibet,
862 568 924 652 (cl.¹
953 587 1037 654 qnae

18 680 188 744 dicebam
210 701 243 761 p.
265 677 332 759 35),
353 675 528 764 sedlmagis
549 675 744 739 verisimile
764 674 911 754 videtur,
937 671 1037 736 fuisse

17 803 84 845 eas
107 780 236 842 Priami
255 776 349 855 filias,
370 795 437 839 non
467 795 607 838 sorores.
648 777 803 836 Romen
824 773 984 856 quandam
1004 774 1039 836 id

17 882 210 946 consilium
230 879 390 942 iuvenisse
413 877 512 938 tradit
530 876 723 940 Plutarchus
745 875 786 938 de
807 877 883 940 virt
895 877 974 938 mul.
993 879 1039 938 in.

20 994 66 1048 et
85 983 284 1065 Dionysium
317 981 507 1042 Setaeam
538 977 697 1064 quandam
729 979 873 1041 nominat
898 982 1036 1042 Tzetzes

22 1091 71 1155 ad
92 1094 176 1172 Lyc.
212 1089 303 1171 ¹⁰753
338 1106 421 1172 quae
442 1086 485 1150 ob
506 1085 593 1148 idm
614 1098 959 1163 consummasset,
992 1085 1034 1149 ci.

23 1196 152 1280 steph.
174 1199 253 1278 Byz.
276 1216 301 1256 s.
321 1213 353 1256 v.
374 1193 536 1275 Σηταῖονς
565 1190 749 1273 Stephanus
776 1191 862 1259 idem
882 1197 916 1253 in
937 1190 1039 1253 Thra-

24 1300 81 1364 cia
115 1297 275 1361 accidisse
305 1303 426 1370 namet,
457 1316 482 1356 s.
503 1290 698 1376 vaxsoirq.
741 1295 915 1379 Antiquam
937 1297 1038 1358 Grae-

27 1422 153 1464 corum
176 1398 353 1460 carminum
373 1392 515 1456 fabulam
535 1395 690 1476 Virgilius
712 1395 832 1478 itaque,
855 1392 931 1456 dum
951 1393 1037 1456 idem

12 1507 161 1568 'facinus
183 1512 312 1578 narrat,
346 1500 542 1581 expressisse
568 1498 700 1562 videtur
720 1498 801 1558 Aen.
823 1500 863 1576 V,
886 1497 946 1562 605
966 1518 1038 1582 sqq.

118 1611 173 1672 De
194 1606 329 1690 reliquis
353 1603 488 1667 Graecis
519 1599 719 1686 principibus
748 1601 851 1662 minus
880 1599 1036 1686 frequens

33 1712 126 1796 apud
148 1711 228 1772 alios
249 1708 428 1790 scriptores
460 1705 501 1770 sit
520 1691 659 1782 mentio,
691 1711 767 1764 sunt
797 1711 905 1764 umen
936 1703 970 1764 in
999 1704 1037 1765 iis

31 1817 143 1895 multi,
165 1837 184 1877 a
207 1812 323 1896 quibus
345 1812 490 1874 civitates
510 1809 654 1876 insanis
675 1807 772 1870 terris
795 1806 944 1872 conditae
966 1827 1038 1872 esse

31 1928 222 1985 narrantur.
262 1915 388 1976 Eorum
418 1909 601 1994 principum
621 1928 700 1990 prae
721 1909 790 1970 aliis
811 1909 957 1972 meminit
975 1911 1039 1992 Ly·

38 2015 189 2097 cophron
222 2016 256 2077 in
292 2013 433 2092 carmine
465 2033 525 2074 sno
558 2011 716 2089 obscuro,
752 2010 841 2073 cuius
874 2011 1037 2094 interpres

39 2124 178 2181 'l'zetaes
219 2115 368 2202 pluribus
393 2111 504 2177 verbis
533 2111 735 2174 reconditam
766 2110 860 2173 huius
896 2114 1036 2174 auctoris

39 2221 220 2284 doctrinam
254 2217 396 2300 exponit.
439 2213 606 2312 Quidquid
633 2226 805 2297 praeterea
840 2214 927 2298 apud
958 2217 1038 2278 alios

39 2332 218 2414 scriptores
240 2326 280 2390 de
300 2325 350 2386 his
364 2307 468 2388 ‘rebus
489 2322 615 2400 inveni,
643 2321 839 2385 coniunctim
858 2345 1038 2407 apponam

38 2437 75 2496 in
87 2455 151 2517 quo
163 2431 292 2495 veniam
312 2426 391 2489 mihi
411 2427 490 2488 dent
502 2445 582 2510 rogo
603 2424 756 2491 historiae
778 2431 928 2514 antiquae
948 2453 1039 2493 scru-

39 2545 174 2614 tatores,
196 2532 314 2618 quide
336 2529 514 2614 originibus
527 2531 726 2594 Graecarum
747 2515 949 2596 coloniarum
971 2535 1039 2597 for-

43 2656 128 2708 tasse
149 2645 246 2726 longe
267 2644 327 2704 alia
349 2642 516 2724 explorata
538 2637 668 2702 hahent.
700 2641 955 2738 Quippcmeum
970 2665 1038 2708 non
1139 2635 1143 2648 ¹

42 2771 113 2813 esse
128 2747 291 2831 putabam,
313 2745 391 2830 quid
410 2744 481 2807 veri
500 2744 534 2806 in
555 2743 678 2806 traditis
699 2746 935 2811 narrationibus
955 2747 1040 2811 ines·

40 2865 93 2915 set
113 2850 316 2934 perquirere,
337 2846 395 2910 sed
414 2846 539 2909 fabulas
553 2848 667 2925 varias,
690 2870 772 2934 quae
793 2869 855 2934 per
867 2853 1038 2937 antiquita-

43 2965 109 3016 tem
130 2952 326 3030 lerebuntur,
347 2961 385 3012 ut
404 2960 478 3034 apta
493 2949 643 3013 liniretur
657 2949 748 3015 hicce
769 2953 910 3033 libellus,
932 2955 1039 3040 quoad
1086 2990 1089 2999 v

39 3061 169 3143 possem
189 3064 338 3117 accurate
360 3051 498 3117 referre.

123 3156 435 3240 Elephenorem
456 3154 576 3238 itaque,
598 3175 694 3236 quem
714 3154 747 3216 in
767 3175 876 3239 pugne
896 3158 1038 3222 occisum

42 3272 197 3326 memorat
217 3263 380 3321 Homerus
403 3258 441 3318 ll.
457 3257 484 3335 d,
497 3255 568 3338 467,
590 3255 768 3339 inEpirum
788 3272 861 3342 post
883 3261 933 3321 Ilii
952 3263 1039 3324 exci-

45 3367 130 3427 dium
156 3363 281 3428 venisse
316 3363 429 3428 dicunt
458 3361 568 3446 ibique
598 3363 807 3444 Apolloniam
843 3364 1036 3445 condidisse,

48 3473 155 3532 Tnetn.
175 3467 215 3528 ad
234 3470 312 3550 Lyc.
337 3468 437 3548 10343
459 3463 500 3526 cf.
524 3461 633 3526 Schol.
655 3463 703 3525 ad.
716 3465 780 3548 Ap.
792 3465 856 3528 Rh.
870 3467 925 3545 lv,
950 3467 1037 3550 1175,

47 3573 182 3635 tenuisse
202 3575 346 3636 Abantes
373 3571 542 3656 regionem
569 3572 763 3634 continentis
786 3583 897 3636 contra
919 3575 1038 3659 Corcy-

45 3697 120 3738 ram.
159 3679 194 3737 ln
213 3677 344 3760 illyrico
367 3675 407 3736 ab
429 3696 468 3737 co
499 3671 654 3758 oppidum
674 3673 845 3738 Abantiam
875 3676 1037 3744 conditam

50 3797 116 3840 esse
135 3777 209 3842 dicit
229 3777 343 3860 steph.
363 3781 442 3859 Byn.
463 3797 488 3837 s.
510 3797 541 3841 v.

126 3877 323 3960 Antiphus
345 3875 386 3937 ad
403 3876 558 3964 Pelasgos
582 3875 616 3940 iu
637 3873 837 3942 Thessaliam
864 3877 1037 3964 navigavit¹
1120 3901 1123 3914 ·

53 3983 156 4048 Tasta.
176 3979 216 4041 ad
235 3982 314 4063 Lyc.
336 3999 406 4066 qn.
