2626 4768
436 397 662 464 -177-

26 585 164 640 exorta
195 587 266 635 esse
293 567 429 651 dieitur,
457 566 540 630 illud
568 565 669 630 tradit
689 565 888 630 Scholiastes
909 563 949 627 ad
970 567 1053 630 Eur.

23 679 102 741 Or.
124 672 180 754 46,
202 673 261 758 qui
281 672 440 734 Helenam
461 670 505 732 oh
526 690 596 732 eam
617 690 745 732 causam
765 671 955 750 aMenelao,
977 689 1052 732 cum

18 777 194 853 redisset,
217 775 301 836 clam
321 772 452 834 domum
473 771 680 855 praemissam
705 793 775 834 esse
796 784 922 842 narrat3
945 772 1009 834 hoc
1030 788 1050 833 e

20 876 175 958 tragicis
196 871 352 957 imprimis
374 871 547 954 Euripides
579 881 692 932 contra
713 871 921 934 Homericam
941 892 1053 934 narra·

22 980 170 1040 tionem
190 976 294 1054 finxit,
317 977 359 1038 cf.
382 975 445 1039 Od.
467 999 498 1058 y,
520 977 589 1042 258.
619 977 773 1052 Mortuus,
790 979 956 1039 Menelaus
979 997 1054 1039 cum
1159 960 1161 968 .

29 1080 175 1144 Helena
197 1078 377 1162 Therapnis
398 1081 544 1163 sepultus
567 1079 745 1158 dicebatur,
766 1081 903 1143 Pausau.
925 1082 980 1158 ΙΙΙ,
1005 1101 1053 1164 19,

30 1202 78 1264 93
108 1182 206 1242 aliam
234 1181 462 1242 narrationem
493 1177 592 1243 affert
623 1182 831 1244 Ptolemaeus
858 1181 968 1264 Heph.
998 1203 1051 1264 ap.

27 1282 140 1348 Phct.
170 1301 243 1365 pag.
272 1287 341 1364 247,
362 1284 544 1345 Menelaum
577 1299 651 1344 cum
671 1279 799 1345 Helena
821 1281 861 1342 ab
883 1280 1050 1364 Iphigenia

35 1406 121 1446 cum
152 1389 277 1449 Tauros
308 1383 509 1465 appulissent
535 1383 717 1446 immolatos
751 1387 839 1458 esso,
871 1381 1053 1446 secundum

36 1487 125 1548 alios
161 1506 245 1550 vero
265 1481 426 1548 Helenam
451 1506 469 1546 a
491 1483 631 1549 Thetide
664 1485 697 1548 in
729 1483 866 1548 bestiam
893 1494 1053 1548 mutatam

39 1602 139 1669 esse3
169 1587 341 1650 Pausanias
368 1588 389 1649 Ι.
410 1587 433 1651 Ι.
459 1585 662 1651 Rhodiorum
691 1589 911 1652 narrationem
942 1588 1051 1670 affert,

36 1687 209 1748 Helenam
227 1687 611 1770 expulsamaNic'ostrato
629 1687 887 1772 etMegapenthe
899 1687 1054 1752 Rhodum

38 1787 221 1871 aufugisse,
242 1789 298 1851 ubi
325 1790 455 1867 timens,
484 1811 525 1851 ue
546 1790 764 1854 ulcisceretur
784 1791 911 1873 Polyxo
933 1792 1054 1873 Tlepo·
1094 1815 1097 1824 ’
1136 1813 1142 1820 ·

34 1891 122 1952 lomi
143 1901 247 1954 mater
267 1903 408 1960 mortem
436 1891 639 1954 immaturam
658 1892 735 1971 filii,
761 1873 797 1955 se
818 1895 1052 1978 suspendisset·

38 1997 185 2082 Utrique
214 1997 338 2061 divinos
369 2017 389 2059 s
418 1993 680 2060 Lacedaemoniis
712 1994 856 2061 honores
889 1994 1050 2062 exhibitos

41 2117 117 2160 esse
138 2106 252 2161 notum
274 2108 333 2161 est.

125 2201 260 2261 Maxima
279 2198 463 2261 fabularum
484 2200 624 2263 varietas
641 2203 692 2261 est
704 2193 913 2283 deUlysse,
925 2209 1052 2282 ntapte

48 2318 123 2360 eam
143 2298 316 2384 disponere
336 2300 443 2382 primo
472 2307 608 2381 aspectu
630 2310 696 2362 tam
717 2301 918 2366 diversarum
938 2325 1052 2366 narras

38 2399 169 2464 tionum
190 2400 334 2486 undique
356 2399 564 2464 confusarum
585 2401 657 2464 fere
680 2403 846 2486 desperes.
877 2406 1049 2469 Enarrabo

48 2513 158 2564 autem
179 2523 307 2583 omnes,
336 2515 373 2566 ut
393 2512 528 2586 potero,
560 2503 677 2566 eodem
697 2506 794 2570 modo
825 2529 892 2592 quo
913 2520 1052 2588 ceteras,

49 2602 266 2687 geographiae
289 2615 322 2666 et
343 2603 491 2666 locorum
511 2603 672 2670 rationem
691 2627 758 2668 non
779 2605 913 2686 habens,
933 2607 966 2669 in
980 2610 1051 2689 qui·

42 2708 107 2769 hus
128 2707 224 2768 rebus
245 2704 440 2788 explicandis
462 2729 502 2770 ne
524 2708 612 2768 ultra
632 2707 713 2768 lines
734 2728 786 2772 me
805 2709 946 2786 studium
963 2710 1049 2772 obuia

42 2808 170 2896 puisset
184 2803 355 2872 timebam.
398 2808 465 2868 Iam
498 2825 595 2888 sopra
613 2805 849 2886 memorabam,
880 2823 1048 2874 narratum

45 2937 119 2979 essa
140 2918 232 2997 olim,
264 2918 411 2998 Ulyssem
442 2926 581 2997 propter
603 2913 708 2976 Aiacis
730 2915 912 2976 Telamouii
932 2893 1047 2976 n‘ecem

46 3021 212 3082 timentem
232 3023 314 3081 iram
335 3020 536 3082 Graecorum
557 3019 643 3080 clam
663 3016 841 3100 aufugisse,
870 3037 954 3101 quae
974 3038 1048 3078 nar·

44 3126 131 3186 ratio
151 3123 189 3185 ah
210 3124 385 3186 Homerica
405 3122 532 3188 diversa
553 3133 612 3183 est.
655 3124 820 3182 Homerus
854 3119 938 3180 euim
972 3139 1048 3180 eum
1091 3178 1093 3183 .

44 3239 120 3286 cum
138 3223 379 3304 Agamemnone
401 3223 535 3284 classem
563 3221 699 3285 solvisse
722 3229 756 3282 et
783 3227 978 3303 tempestate
1005 3219 1047 3279 ab

45 3348 87 3389 eo
110 3325 276 3386 disiectum
297 3325 437 3407 primum
458 3324 498 3387 ad
512 3324 646 3388 Ciconas
662 3323 826 3409 appulisse
846 3334 967 3402 narrat,
985 3319 1046 3383 0d.

48 3455 73 3507 ι,
94 3429 145 3511 393
172 3426 213 3488 ef.
235 3427 389 3494 Philostr.
409 3429 542 3490 Heroic.
585 3430 656 3514 691.
679 3429 705 3490 C
713 3450 724 3508 3
747 3426 787 3488 ad
809 3429 975 3504 tamarum,
1009 3435 1050 3489 ut

45 3530 157 3608 Dictys
178 3530 222 3590 ait
242 3531 313 3610 (Vl,
329 3529 375 3612 5),
397 3530 438 3590 ad
457 3532 653 3602 Maroneam,
675 3541 711 3590 ut
729 3527 928 3592 scholiastes
942 3526 1046 3610 Odys·

45 3651 118 3693 seae
138 3630 170 3690 in
191 3640 380 3712 argumento
402 3633 502 3695 totius
524 3632 672 3694 carminis
695 3630 774 3694 dicit
781 3652 792 3711 3
812 3629 856 3696 of.
871 3636 982 3695 Tacta.
1004 3627 1046 3690 ad

48 3728 123 3809 Lyc.
142 3732 217 3808 808,
247 3728 303 3815 qui
324 3733 480 3793 Ismarum
505 3741 620 3816 postea
640 3714 830 3793 Maroneum
850 3729 1047 3793 nominatam

50 3849 119 3894 esse
148 3831 253 3894 tradit.
296 3832 344 3893 lbi
363 3835 495 3896 Hecabe
517 3857 535 3896 a
556 3835 651 3898 sociis
684 3834 753 3896 eius
772 3842 886 3894 necata
908 3851 979 3893 esse
1001 3830 1047 3891 di·

51 3931 148 4014 citur,
179 3933 232 3995 cdi
260 3932 378 3996 deinde
407 3935 440 3995 in
461 3936 571 3998 Sicilia
597 3935 631 3998 in
651 3935 877 4018 promontorio
900 3931 1048 4014 Odysseo

50 4035 230 4116 sepulcrum
251 4036 376 4117 statuit,
396 4035 506 4106 Schol.
528 4036 592 4102 Od.
614 4047 649 4102 et
664 4041 776 4101 Tasta.
798 4035 838 4098 ad
858 4037 936 4118 Lyc.
961 4033 1049 4100 1030.

691 4146 720 4212 Β
