2722 4776
509 372 756 440 -39-·

100 571 158 629 eo,
178 556 216 610 nt
236 525 414 626 indicetur,
448 565 526 606 num
546 542 637 607 loeus
660 539 798 604 Homeri
818 541 872 614 (ΙΙ.
894 563 932 615 ω,
954 541 976 603 Ι.
998 495 1036 623 Li
1056 559 1111 626 ge·

98 655 219 719 nuinns
240 651 354 714 heberi
374 649 487 734 possit,
510 647 599 734 quod
618 669 685 710 non
705 646 798 709 nimis
820 645 957 710 difficile
979 645 1044 708 erit
1062 647 1112 708 iu·

6 779 9 822 Ι
99 759 222 836 dicare,
245 757 283 834 si,
299 739 446 840 ‘quid'de
465 765 536 818 tota
556 752 613 814 illa
632 749 805 836 rhapsodia
831 747 1038 813 statuendum
1059 749 1112 830 sit,

6 899 7 928 ι
99 863 269 945 cognitum
289 857 423 940 habeas3
447 856 489 921 cf.
500 855 609 924 Wolf.
628 856 776 942 prolegg.
797 875 870 938 pag.
893 853 949 918 135
956 876 967 934 3
990 853 1030 918 de
1050 853 1110 918 illo

97 964 191 1031 enim
212 963 288 1024 ioco
310 971 374 1022 tam
397 960 525 1023 erudite
553 968 587 1022 et
610 966 761 1022 accurate
781 956 1031 1039 disputaverunt
1051 977 1109 1022 ve·

6 1107 7 1140 p
99 1078 204 1143 teres,
225 1071 262 1124 ut
283 1063 350 1126 sine
371 1063 439 1124 ulla
460 1061 663 1125 dubitatione
683 1062 721 1123 iis
743 1060 911 1140 accedam,
933 1081 1007 1124 oum
1029 1059 1110 1123 aliae

102 1181 236 1248 quoque
256 1163 399 1225 rationes
421 1183 487 1224 non
509 1161 630 1242 desint,
662 1161 777 1246 quibus
812 1164 958 1246 ipsorum
980 1169 1109 1222 senten·

6 1345 7 1350 ἵ
97 1270 177 1330 tiam
200 1265 380 1332 confirmes.
421 1269 483 1328 Est
514 1267 601 1330 enim
632 1265 725 1329 loeus
758 1266 815 1329 iil'e
842 1279 908 1328 tam
935 1261 1108 1326 artificiose

98 1369 312 1432 concinnatus
340 1377 374 1430 et
396 1368 557 1453 exquisita
588 1367 749 1432 brevitate
772 1367 950 1446 obscurus,
971 1374 1025 1444 ut,
1047 1365 1109 1427 nisi

100 1493 191 1552 rem,
224 1472 264 1534 de
287 1493 350 1556 qua
372 1492 482 1534 sermo
504 1471 549 1532 ihi
572 1492 643 1535 esse
665 1471 799 1550 dicitur,
834 1471 937 1554 probe
966 1468 1108 1548 noveris,

96 1577 133 1638 in
155 1577 370 1659 explicatione
392 1576 541 1655 mareas,
572 1575 660 1660 quod
681 1573 833 1656 profecto
855 1598 872 1636 a
894 1574 1019 1637 ratione
1041 1593 1108 1634 sor·

97 1677 206 1746 moitis
229 1678 398 1738 Homerici
430 1677 568 1740 multum
600 1676 776 1758 abhorret3
806 1687 978 1760 praeterea
1002 1669 1107 1737 molli·

99 1778 162 1840 ties
185 1779 248 1840 ista
280 1773 501 1854 effeminata,
539 1767 622 1860 quae
666 1796 705 1838 eo
740 1777 815 1838 loco
847 1776 957 1838 Paridi
991 1796 1107 1859 enpro-

94 1880 231 1958 bratur‚
266 1877 432 1963 quomodo
464 1877 627 1940 consentit
660 1899 733 1940 cum
755 1879 820 1941 alio
841 1880 916 1940 loco
939 1878 1046 1939 Iliadis
1067 1913 1108 1926 -

87 1983 127 2060 ιζ,
150 1985 266 2046 521-
283 1984 338 2044 ubi
358 1988 487 2046 Hector
510 1985 571 2046 etsi
592 1982 708 2044 acerbe
728 1981 877 2044 invectus
899 1982 931 2042 in
954 1980 1108 2042 desidiam

100 2083 215 2144 fratris
250 2091 358 2144 tamen
388 2083 540 2148 hettioam
578 2083 647 2146 eius
687 2082 912 2146 fortitudinem
946 2083 1106 2166 agnoscit3

99 2204 138 2244 ea
174 2195 282 2247 autem
312 2183 436 2246 Paridis
478 2184 599 2248 desidia
635 2183 669 2246 in
711 2205 821 2246 amore
852 2183 960 2267 potius
998 2186 1107 2248 uxoris
1202 2259 1213 2272 ‚

44 2323 46 2326 ·
97 2289 197 2350 nimio
228 2312 322 2374 quam
351 2291 384 2351 in
404 2289 542 2352 mollitie
576 2301 610 2350 ct
630 2289 767 2372 ⁴ignavia
798 2288 959 2372 originem
984 2288 1105 2352 habere

95 2393 243 2472 videtur,
275 2403 414 2476 propter
444 2415 540 2478 quam
567 2392 678 2476 itaque
701 2391 845 2454 damnari
865 2393 921 2454 ille
944 2402 1010 2454 tam
1041 2396 1105 2458 cito

96 2519 163 2559 non
184 2500 304 2579 possit,
335 2520 408 2559 nam
439 2512 472 2560 et
493 2511 574 2581 post⁴
591 2511 757 2560 certamen
778 2518 851 2560 oum
872 2501 1022 2561 Menelao
1057 2495 1104 2560 fa·

97 2613 186 2663 ctum
209 2602 385 2686 requiescit
406 2603 497 2664 Paris
526 2614 561 2665 et
581 2605 687 2686 ipsum
707 2606 887 2667 Hectorem
916 2613 1022 2666 mater
1044 2627 1104 2688 po·

96 2701 172 2762 culo
201 2701 241 2762 ad
268 2703 413 2787 quietem
440 2705 565 2768 invitat.
607 2704 680 2765 Alia
711 2713 903 2788 praeterea,
933 2725 1017 2791 quae
1038 2705 1103 2768 huo

96 2804 230 2882 faciunt,
252 2804 336 2866 infra
359 2805 600 2889 disputabimus.

177 2915 213 2974 ln
234 2913 363 2995 reliquo
385 2913 518 2978 fabulae
540 2916 655 2978 ordine
680 2939 792 2988 omnes
807 2919 854 2981 illi
874 2917 996 2981 laudati
1026 2911 1103 2980 scri·

97 3026 208 3096 ptores
229 3037 294 3080 non
315 3018 541 3108 consentium
564 3018 702 3084 Ovidius
726 3020 833 3082 statim
855 3019 1018 3084 desiderio
1037 3023 1103 3082 He·

98 3115 192 3176 lenae
214 3131 397 3198 permotum
418 3121 569 3184 Paridem
591 3123 624 3184 in
646 3123 815 3184 Graeciam
836 3125 1003 3207 navigasse
1025 3123 1102 3188 dicit

97 3227 256 3300 sequutus
270 3220 459 3302 Euripidem
481 3223 557 3285 Hel.
580 3236 635 3307 293
658 3224 711 3285 alii
732 3238 806 3286 ante
827 3227 987 3288 Helenam
1009 3227 1104 3290 aliam
1166 3223 1172 3234 ’

99 3321 129 3382 ei
150 3331 285 3403 nuptam
313 3321 583 3402 fuisse-tradunt,
615 3349 711 3410 quam
734 3327 896 3390 Oenonen
923 3330 1103 3412 nominant,

96 3425 137 3488 cf.
155 3428 308 3510 Apollod.
331 3428 387 3505 111,
413 3449 462 3507 aa„
480 3427 515 3508 63
537 3432 669 3495 Lucian.
684 3432 724 3495 D.
736 3431 777 3490 D.
801 3449 858 3510 203
882 3431 1008 3495 Conon.
1030 3455 1102 3496 nar·

95 3538 154 3592 rat.
176 3509 231 3607 23⁸3
253 3531 384 3612 Helian.
406 3532 448 3594 fr.
470 3529 519 3594 68.
539 3532 631 3598 Serv.
653 3531 693 3593 ad
705 3533 788 3596 Aen.
810 3534 864 3612 ΙΙΙ,
890 3555 966 3615 17⁰3
988 3538 1112 3600 Treta..

96 3638 134 3700 ad
154 3641 232 3719 Lyc.
254 3637 311 3718 575
334 3656 351 3694 e
373 3657 436 3722 qna
458 3634 543 3698 filius
567 3635 726 3718 Corythus
750 3648 843 3698 natus
866 3637 916 3699 sit.
958 3639 1101 3700 Arisben

98 3761 164 3808 eom
183 3742 354 3804 mulierem
376 3742 542 3804 nominant
556 3742 648 3804 Serv.
670 3739 710 3800 ad
728 3742 810 3803 Aen.
833 3743 886 3830 ΙΙΙ,
909 3741 985 3824 2643
1007 3745 1101 3807 Euat.

98 3846 136 3906 ad
155 3848 192 3909 ΙΙ.
212 3872 247 3925 μ,
267 3846 323 3930 963
345 3849 406 3908 nisi
428 3831 604 3932 frequenti
617 3865 729 3910 errore
751 3847 851 3930 patris
874 3867 994 3910 nomen
1025 3865 1099 3910 oum

96 3947 151 4014 titii
172 3954 301 4018 nomino
323 3952 496 4016 confusum
517 3949 707 4039 esse‘dicas.
