2626 4768
450 400 491 413 ..
536 363 591 430 143
634 399 672 410 .-

11 542 178 602 I'zeta.
202 535 243 598 ad
264 537 340 618 Lyc.
363 533 441 614 6583
474 536 559 598 Diet
583 538 623 616 V,
644 557 674 620 9.
716 536 922 627 Dencribitur
941 534 975 598 id
995 535 1069 598 Pal-

11 641 183 702 ladium
206 637 245 700 ab
265 635 471 720 Apollodoro
493 639 549 717 ΙΙΙ,
576 659 621 720 rc,
641 643 679 719 83
720 641 897 704 Minervam
926 642 1068 724 genitam

11 743 150 825 apud
173 743 344 804 'l'n'tonem
365 739 534 802 educatam
562 761 650 822 esse,
681 744 734 805 cui
760 741 826 804 filia
855 753 927 806 erat
945 745 1067 808 Pallae.

11 851 247 931 Utramque
275 846 419 928 puellam
454 845 626 928 aliquando
658 847 776 908 rixatar
804 867 892 926 ease,
924 857 959 908 et
993 867 1068 908 eum

11 949 173 1009 Pallas
186 947 362 1008 Minervam
375 948 584 1008 vulneratum
605 957 703 1023 erret,
727 948 836 1008 lovem
849 948 970 1030 Aegida
991 957 1067 1010 ante

25 1051 47 1109 i
54 1070 169 1133 paam
189 1051 429 1132 praetendisse,
451 1067 590 1134 cumque
611 1049 718 1110 Pallae
737 1051 929 1132 suspiceret,
951 1052 991 1113 ab
1010 1053 1069 1113 ni·

29 1173 168 1216 nerva
181 1173 254 1214 eam
266 1153 468 1216 vulneratam
482 1164 516 1214 et
527 1152 665 1214 occisam
678 1169 768 1220 ease;
784 1172 879 1235 quam
888 1151 1004 1215 deinde
1016 1155 1067 1216 lu·

32 1266 200 1336 gentem
220 1262 360 1314 mortem
386 1252 506 1314 amicae
538 1251 746 1316 simulacrum
778 1252 846 1315 eiua
875 1251 1000 1317 affabre
1020 1257 1068 1318 sa·

37 1373 156 1422 ctum
185 1358 270 1442 apud
292 1361 403 1422 lovem
424 1357 629 1422 conotitnimo
651 1369 686 1422 et
705 1362 740 1422 in
759 1359 885 1423 nonme
906 1358 1070 1432 habuisse,
1199 1405 1204 1418 .

40 1468 137 1528 Boc
158 1466 368 1526 rirnulacrum
387 1463 522 1525 Electra
542 1461 658 1528 deinde
686 1464 722 1526 in
748 1474 871 1526 terram
892 1461 1065 1524 Troianam

43 1566 202 1645 deiecit,
243 1575 291 1634 et,
318 1566 382 1626 llue
424 1566 583 1649 templum
607 1541 653 1626 vei
686 1564 841 1628 condidit.
881 1567 973 1631 Haec
1008 1565 1068 1646 ite·

50 1692 128 1756 que
160 1668 397 1751 Apollodorum
433 1689 532 1754 quem
562 1670 732 1754 exscripsit
752 1675 889 1733 Tnetnee
918 1668 959 1730 ad
987 1670 1066 1752 Lyc.

46 1779 134 1844 355.
168 1779 243 1840 Alia
272 1777 348 1842 vide
375 1779 461 1860 apud
482 1777 593 1841 Schol.
623 1778 664 1841 ad
697 1781 734 1841 ll.
757 1779 784 1860 ζ,
805 1799 860 1864 om
889 1778 988 1840 fuiare
1010 1777 1086 1874 ‹pui'

57 1879 231 1958 (licerent,
264 1879 298 1942 id
318 1878 515 1958 Palladium,
545 1877 635 1962 quod
663 1881 757 1942 coelo
780 1880 949 1962 delapsum
972 1887 1068 1956 earet,

59 1989 142 2042 cute
163 1980 302 2042 hnmana
322 1976 471 2041 indutum
493 1995 581 2056 eoae,
613 1989 647 2040 et
673 1978 782 2039 colum
816 1985 930 2039 tencre
951 1985 987 2039 et
1005 1975 1068 2038 vit-

59 2096 114 2144 tm
135 2090 168 2146 et
187 2083 221 2144 in
242 2081 348 2164 eapite
369 2078 496 2158 urbem,
516 2082 550 2142 in
572 2078 689 2142 dextra
706 2099 803 2141 manu
816 2078 941 2141 hastam
961 2076 1067 2148 ferre3

66 2187 148 2248 alios
180 2197 289 2249 autern
313 2205 356 2248 ex
387 2182 514 2246 omibus
534 2182 667 2266 Pelopis
698 2182 732 2244 id
764 2182 963 2246 fabricatum
994 2201 1065 2244 erae

63 2309 207 2351 narrare.
249 2279 285 2348 In
313 2285 428 2349 iisdem
450 2284 587 2348 Scholiia
610 2286 796 2370 quaeritur,
828 2305 904 2346 num
925 2283 1067 2346 Palladia

64 2393 236 2454 simulacra
257 2399 367 2452 erecta
388 2409 429 2450 an
460 2388 606 2450 cedentia
627 2387 667 2450 ab
688 2387 864 2450 artificibus
886 2387 961 2450 ficta
990 2385 1069 2448 fnis-

70 2504 158 2574 aent,
179 2493 273 2558 etad
294 2512 380 2558 vera.
392 2492 458 2556 ,311
482 2491 708 2573 grammaticus
728 2490 924 2573 respondet,
946 2489 1069 2552 minuta

71 2606 105 2659 et
124 2599 227 2681 lignea
247 2596 387 2658 Palladia
408 2595 581 2656 simulacra
601 2591 716 2664 suimet
752 2594 818 2655 tale
839 2613 971 2677 quoque
993 2598 1069 2654 arti·

71 2697 127 2760 fex
155 2698 189 2759 in
205 2698 331 2760 'tabula
361 2695 456 2757 lliaca
483 2704 520 2756 et
549 2705 697 2756 erectum
736 2691 866 2778 quidem
900 2691 1069 2776 expremit.

68 2804 213 2866 seriores
237 2803 419 2864 fabularum
439 2810 644 2860 enarratores
667 2797 796 2876 dieunt,
827 2797 1008 2862 Palladium
1028 2785 1068 2857 nb

72 2906 146 2968 Aaio
177 2904 318 2990 quodam
358 2901 481 2964 artifice
511 2909 545 2962 et
575 2899 771 2983 philoaopho
803 2899 997 2962 fabricatum
1018 2897 1068 2959 fu-

72 3005 150 3084 isse,
181 3003 225 3067 cf.
267 3003 377 3066 Schol.
413 3001 453 3064 ad
474 3002 511 3067 11.
533 3001 560 3081 ζ,
581 3003 651 3081 3ιι,
687 3007 799 3065 Tzetz.
833 3002 872 3064 ad
892 3005 970 3084 Lyc.
992 3002 1070 3070 3553

77 3107 161 3171 Snid.
183 3129 208 3170 s.
229 3128 260 3171 r.
281 3103 492 3184 Παλλάδιον,
526 3107 649 3192 quide
675 3107 820 3170 Palladio
849 3108 985 3170 coelitus
1015 3106 1071 3170 de·

74 3211 161 3292 lapso
182 3209 288 3272 omnia
315 3221 488 3292 poetarum
509 3221 690 3271 commenta
709 3229 783 3272 esee
804 3209 858 3271 ait.
899 3211 975 3272 Duo
996 3210 1071 3282 Pal·

70 3307 152 3370 ledia
171 3331 189 3370 a
209 3310 370 3374 Diomede
391 3320 426 3371 et
446 3312 561 3394 Ulyoee
589 3323 683 3394 rapta
712 3331 783 3374 esee
812 3312 897 3378 Ptol.
918 3310 1069 3395 Hephae·

76 3407 158 3470 ntion
185 3409 252 3494 (ap
272 3411 369 3474 Phot.
390 3433 423 3495 p.
445 3413 520 3496 246)
542 3425 667 3488 narrat3
701 3432 817 3475 verum
837 3423 936 3496 atque
957 3416 1069 3499 genui·

78 3533 151 3574 num
172 3513 352 3577 mobilitate
384 3517 555 3580 oculorum
578 3526 613 3579 et
631 3516 742 3579 hastae
763 3515 904 3584 discerni
923 3516 1070 3600 potuisse
1191 3543 1197 3574 t

76 3611 170 3674 tradit
190 3613 323 3678 Servius
344 3615 385 3677 ad
405 3618 488 3678 Aen.
504 3621 545 3695 11,
571 3617 637 3680 166.

152 3734 225 3796 Hoc
244 3735 355 3820 itaque
375 3735 555 3799 Palladium
577 3738 616 3799 ab
629 3739 753 3822 Ulyere,
775 3737 827 3804 cui
849 3749 956 3806 tamen
977 3743 1072 3810 multi

78 3833 223 3897 comitem
256 3837 378 3899 addunt
407 3838 628 3920 Diomedem,
646 3850 780 3922 raptum
810 3861 880 3904 ease
914 3862 954 3904 ex
996 3863 1071 3907 arce

80 3937 212 4000 Troiana
242 3940 374 4022 vulgata
406 3944 549 4003 narratio
584 3955 649 4022 est,
687 3942 731 4007 cl'.
761 3945 855 4006 Paua.
892 3944 915 4021 l,
949 3963 1006 4024 aa,
1034 3947 1072 4019 63

83 4043 187 4138 Quint.
208 4044 327 4125 snit,
348 4045 418 4127 350,
440 4046 531 4129 Virg.
553 4047 633 4108 Aen.
656 4047 694 4125 ll,
719 4046 794 4126 1643
816 4045 907 4110 Serv.
930 4048 970 4109 ad
991 4055 1071 4112 Aen.
