2626 4768
566 397 886 470 ,-110-

241 631 243 644 ,
267 583 328 642 ses,
349 569 539 646 Astynomes
560 579 664 648 pater,
685 563 801 628 urbem
823 565 968 650 Chrysen
990 567 1134 631 tenuisse
1156 567 1298 632 dicitur

267 685 302 736 et
322 672 438 752 Ardyis
459 657 623 733 cdinsdam
643 669 729 732 filius
749 654 812 732 fuit
839 667 1041 754 fratremque
1061 671 1182 734 habuit
1211 673 1299 734 Bri-³

267 795 336 855 sen,
356 775 412 859 qui
432 775 591 838 Pedasum
612 773 765 854 tenebat,
796 785 830 836 et
859 774 949 836 cuius
969 772 1036 836 filia
1055 776 1298 858 Hippodamia

267 878 387 943 Achilli
409 877 496 941 dono
517 878 662 956 datacst,
683 881 775 944 Euat.
796 876 837 941 ad
858 879 895 940 ll.
918 902 950 957 u,
974 882 1031 950 184
1038 903 1049 960 3
1069 881 1178 942 filium
1204 903 1297 965 quo·

269 1001 334 1066 que
355 982 422 1043 eius
444 982 616 1044 Eetionem
637 983 738 1045 fuisse
758 983 902 1044 Mnaseas
923 982 1023 1045 tradit
1054 984 1141 1067 apud
1164 985 1298 1046 Schol.

268 1085 309 1148 ad
336 1084 373 1147 ll.
394 1107 423 1162 τ,
454 1102 528 1168 ²9¹⁵
562 1084 669 1168 ipsum
688 1085 805 1148 Brisen
838 1086 1041 1150 sacerdotem
1069 1075 1176 1150 fuisse
1211 1071 1301 1152 dicit

267 1196 353 1277 Hyg.
373 1190 438 1254 fab.
464 1190 530 1253 106.
570 1194 695 1274 Regem
722 1192 866 1274 Mynets,
897 1211 970 1252 cum
996 1178 1144 1254 Achilles
1182 1193 1293 1254 adve-

268 1301 365 1378 niret,
386 1283 528 1360 abfuisse
548 1299 582 1360 iu
602 1297 730 1379 Lyciam
752 1309 787 1359 ct
811 1297 1004 1380 Lycaoniam
1025 1305 1064 1357 ut
1083 1299 1212 1359 auxilia
1233 1321 1287 1361 co·

271 1411 365 1486 geret
399 1403 597 1486 profectum,
630 1420 769 1486 cumque
802 1401 967 1479 rediisset,
997 1400 1031 1462 in
1057 1421 1175 1484 pugna
1196 1421 1289 1463 com·

270 1515 367 1572 missa
389 1508 429 1569 ab
441 1508 622 1590 Eurytiona
634 1507 766 1570 Achillis
788 1507 878 1570 socio
898 1508 1110 1571 interfectum
1132 1529 1214 1571 esse
1235 1531 1286 1572 re·

270 1613 338 1676 fert
368 1613 503 1673 Ioannes
523 1609 598 1670 Mal.
618 1627 692 1691 pag.
718 1605 784 1670 aab.
825 1609 1058 1692 Fragmentum
1086 1608 1176 1670 alius
1212 1633 1284 1672 nar-

270 1715 423 1794 rationis,
452 1713 541 1775 euius
555 1720 720 1774 ‘auctores
741 1711 903 1772 Hesiodus
932 1723 966 1772 et
985 1711 1183 1774 Demetrius
1207 1712 1283 1774 affe·

270 1828 399 1899 runtur,
420 1825 571 1900 superest
591 1813 676 1898 apud
697 1813 901 1876 Scholiasten
921 1816 962 1878 ad
982 1817 1019 1878 ll.
1035 1813 1063 1892 ζ.
1083 1815 1144 1898 85;
1172 1817 1282 1880 Achil-

200 1993 205 2004 ,
271 1925 336 1988 lem
358 1941 429 1984 cum
451 1917 568 1980 iamin
590 1937 630 1980 eo
653 1928 753 1996 esset,
774 1929 812 1978 ut
833 1915 1000 2002 obsidione
1021 1916 1112 1980 urbis
1135 1933 1280 2003 propter

271 2025 338 2088 loci
359 2021 587 2088 difficultatem
606 2019 787 2098 absisteret,
810 2040 827 2078 a
848 2019 959 2103 puella
990 2039 1174 2104 quaecum
1200 2045 1277 2083 ama·

270 2127 337 2206 bat,
357 2127 514 2189 monitum
547 2144 618 2187 esse
650 2143 692 2184 ne
726 2121 840 2198 abiret,
861 2141 935 2182 nam
954 2121 1076 2183 incolas
1108 2123 1166 2184 siti
1190 2124 1269 2186 labo

136 2295 139 2300 ,
253 2249 365 2320 ντειτε,
399 2231 510 2313 sicque
532 2239 660 2310 captam
681 2223 854 2287 civitatem.
894 2223 1009 2306 Dictys
1032 2236 1143 2286 autem
1163 2249 1277 2310 regem

270 2337 391 2417 laqueo
413 2333 512 2398 vitam
532 2329 664 2410 finiisse,
684 2341 819 2413 tumque
839 2327 954 2392 urbem
966 2343 1181 2415 expugnatam
1200 2347 1271 2393 esse

270 2436 382 2500 tradit.

353 2537 442 2600 Alias
463 2534 586 2598 addunt
606 2545 802 2618 expugnatas
823 2532 862 2596 ab
884 2533 1010 2597 Achille
1031 2517 1191 2614 divitates,
1213 2540 1274 2599 'I'e-

272 2637 402 2716 nedum,
425 2639 462 2700 ll.
483 2644 512 2712 λ,
533 2635 609 2716 6n53
643 2636 1028 2718 Osid.b1et.Xll,1o7;
1061 2637 1161 2698 Diod.
1181 2640 1225 2716 V,
1243 2659 1273 2720 p.

271 2743 353 2828 8993
374 2740 468 2802 Serv.
490 2738 530 2799 ad
546 2739 629 2804 Aen.
650 2738 689 2815 ll,
712 2753 767 2807 αις
789 2740 902 2799 Tacts.
923 2736 965 2797 ad
983 2738 1061 2817 Lyc.
1083 2737 1155 2806 cla.
1180 2738 1269 2798 Paus.

271 2843 314 2919 X,
338 2846 384 2918 14,
406 2860 425 2901 c
436 2859 446 2911 3
470 2845 599 2902 Tenues
618 2859 678 2900 rex
698 2839 767 2902 eius
786 2838 911 2901 insulae
931 2839 1106 2902 fortissime
1126 2857 1277 2923 pugnans

274 2941 314 3004 sb
335 2940 462 3005 Achille
482 2939 676 3004 interfectus
697 2949 758 3004 est.

354 3043 461 3105 Aliter
487 3059 559 3102 rem
585 3048 697 3104 narrat
722 3040 914 3104 Plutarchus
948 3040 1106 3126 (quaesti.
1134 3059 1188 3123 gr.
1211 3043 1277 3124 28),

274 3147 436 3212 Achillem
456 3145 615 3206 monitum
634 3165 654 3234 a
674 3152 788 3223 matre,
809 3163 851 3206 ne
863 3147 1020 3222 Tenuem,
1033 3144 1183 3228 Apollini
1203 3166 1277 3228 gra·

273 3247 449 3325 tissimum,
482 3245 667 3325 occideret,
700 3244 823 3306 famulo
854 3244 1039 3325 mandasse,
1071 3255 1108 3306 ut
1134 3246 1206 3307 eius
1232 3247 1279 3311 rei

257 3350 389 3432 ’ipsum,
410 3348 466 3410 ubi
487 3367 568 3429 opus
589 3343 696 3424 foret,
725 3343 1035 3424 commonefaceret3
1069 3344 1127 3407 sed
1156 3359 1280 3429 postea

274 3469 350 3512 cum
370 3449 507 3509 insulam
529 3445 697 3507 Tenedum
717 3443 967 3526 populabundus
999 3446 1203 3530 incursaret,
1234 3453 1281 3514 vi·

274 3547 359 3610 disse
379 3563 527 3606 sororem
549 3542 678 3622 Tenuis,
700 3553 886 3625 et‘captum
905 3546 1037 3629 virginis
1057 3545 1183 3630 forma,
1205 3572 1280 3614 eam

273 3657 483 3738 persecutum
511 3667 603 3726 esse,
634 3651 781 3712 Tenncm
811 3670 892 3712 vero
925 3650 1051 3716 obviam
1071 3667 1280 3737 pergentem,

274 3769 312 3821 ut
347 3776 493 3820 sororem
529 3753 745 3833 defenderet,
786 3755 999 3820 interfecisse.
1039 3759 1091 3820 Ad
1125 3759 1278 3823 Miletum

275 3860 433 3924 Achillem
461 3876 620 3942 pugnasse
651 3855 761 3940 ibique
780 3857 989 3921 Tramhelum
1010 3860 1196 3924 Telamonis
1216 3864 1279 3926 lili·

275 3987 331 4027 um
350 3983 482 4026 necasse
501 3968 640 4026 Taetzes
661 3961 702 4023 ad
716 3961 877 4047 Lycophr.
897 3960 959 4033 467
978 3973 1097 4030 narrat.
1128 3965 1182 4028 Ab
1203 3968 1276 4030 aliis

274 4061 458 4132 civitatibus
478 4062 591 4132 missus
610 4083 698 4143 esse,
731 4063 787 4148 qui
807 4081 922 4146 pacem
954 4073 987 4127 et
1007 4064 1179 4130 amicitiam
1200 4087 1276 4132 cum
