2626 4768
407 413 629 482 ..163-

18 606 123 650 ueum
142 597 176 652 et
196 583 490 668 Agamemnonem,
518 583 559 647 de
588 583 704 668 pribm
733 582 848 646 eodem
876 580 1022 668 ipso'or·
1114 593 1118 600 '

18 689 99 756 diue
120 709 260 772 agamus.
391 677 394 687 ¹

104 797 157 856 De
178 791 378 856 Diomede
400 813 482 877 quae
502 792 677 858 traduntur
697 791 793 854 facile
811 791 845 852 in
866 789 944 853 duas
963 813 1022 874 poc
1049 869 1058 880 ·

18 898 183 958 tissimum
202 895 565 962 nanauoneseiscerni
584 909 730 980 possunt,
764 915 900 982 quarum
921 897 1025 963 altero

18 998 63 1060 ad
85 997 294 1060 Homericam
315 996 541 1058 auctoritatem
562 995 682 1058 referri
700 1005 829 1078 potest,
857 1018 920 1080 qua
939 994 1026 1058 redi·

18 1102 88 1162 isse
111 1099 144 1162 in
165 1101 301 1183 patriam
323 1098 450 1178 dieitur,
472 1101 575 1162 altera
595 1100 635 1162 ab
656 1104 802 1164 Homero
823 1101 1025 1180 dissentiens,

18 1223 91 1286 qua
111 1201 179 1264 eius
201 1201 235 1260 in
256 1200 377 1262 ltaliam
408 1223 536 1264 errores
565 1201 755 1280 traduntur,
789 1202 1025 1286 posterioribus

18 1301 192 1382 originem¹
208 1299 327 1364 debere
347 1299 489 1364 videtur.
521 1301 607 1362 lllud
619 1303 674 1384 qui
695 1311 829 1364 narrent
849 1302 934 1362 hunc
955 1300 1026 1363 fere

20 1403 176 1465 ordinem
197 1411 387 1486 sequuntur.
429 1405 510 1466 Erat
531 1405 682 1486 Aegialea
704 1405 836 1466 Adrasti
857 1405 923 1465 lilia
944 1423 1027 1466 uxor

22 1504 213 1584 Diomedis,
240 1503 323 1568 haue
350 1506 431 1568 irata
453 1509 581 1586 Venus,
617 1506 744 1590 quoda
772 1506 876 1570 feroci
894 1526 973 1589 rege
993 1507 1029 1568 in

21 1605 117 1668 bello
139 1605 280 1670 Troiano
301 1607 470 1670 vulnerata
491 1617 593 1685 esset,
621 1629 731 1672 amore
752 1607 896 1671 incendit
916 1610 1030 1670 Come·

22 1719 100 1785 tae,
120 1708 176 1790 qui
197 1705 344 1768 Stheneli
364 1705 448 1768 lilius
470 1729 487 1768 a
508 1709 686 1786 Diomede,
706 1729 779 1770 cmn
801 1710 932 1770 Troiam
953 1728 1030 1791 pro·

21 1807 247 1886 ficisceretur,
274 1820 383 1881 custos
404 1811 497 1892 regni
519 1813 717 1872 constitutus.
745 1811 863 1872 fuerat.
904 1791 1030 1873 Heren-

23 1935 99 1979 sum
120 1913 231 1996 itaque
253 1911 423 1994 coniugem
443 1913 597 1996 Aegialea
627 1933 700 1975 eum
721 1913 871 1974 adultero
895 1915 1030 1976 Cometa

28 2029 66 2083 et
88 2019 209 2082 civibus
244 2017 467 2082 adiuvantibus
499 2021 588 2082 aditu
615 2020 792 2102 prohibuit.
832 2020 974 2082 Exeluao
996 2028 1031 2082 et

28 2121 97 2183 rim
118 2119 284 2181 meditanti
304 2120 375 2202 regi
395 2117 526 2182 nuntius
548 2118 759 2198 afferebatur,
780 2133 907 2203 patrem
928 2119 1028 2202 ipsine

30 2219 182 2282 Oeneum
202 2219 242 2282 ab
262 2218 355 2302 Agrii
376 2218 449 2282 liliis
471 2221 559 2287 omui
580 2219 677 2284 modo
699 2219 851 2284 vexatum
872 2211 908 2282 et
927 2239 1030 2302 regno

27 2322 193 2404 privatum
221 2339 302 2384 esse.
344 2319 515 2384 Profectus
545 2321 644 2402 igitur
675 2322 708 2382 in
730 2322 892 2385 Aetoliam
919 2320 1030 2384 hostes

28 2419 163 2503 quidem
182 2420 290 2480 multis
313 2417 415 2480 modis
437 2421 582 2482 coercuit
603 2429 639 2482 et
658 2420 802 2503 punivit,
829 2433 953 2502 patrem
977 2442 1032 2482 au·
1088 2477 1092 2492 ,

30 2538 101 2588 tem
120 2525 154 2586 in
174 2545 308 2605 regnum
328 2523 503 2584 restituere
534 2545 600 2584 nou
620 2524 729 2606 potuit
753 2522 811 2586 sed
840 2543 950 2586 secum
969 2525 1033 2586 Ar-

32 2647 90 2710 gos
112 2625 251 2687 abduxit.
285 2628 379 2688 Nunc
398 2645 510 2708 regem
530 2647 622 2688 snum
636 2625 749 2706 Argivi
771 2627 922 2688 commoti
939 2625 1032 2688 clade

32 2751 97 2814 qua
119 2728 224 2792 Oenei
244 2729 388 2790 inimicos
409 2727 575 2807 affecerat,
595 2728 748 2792 lubenter
770 2730 803 2790 in
824 2749 960 2812 regnum
980 2751 1035 2793 re⁴

31 2838 211 2914 ceperunt,
242 2833 293 2894 sie
316 2839 427 2891 narrat
450 2831 562 2911 Dictys
586 2830 643 2907 Vl,
669 2847 706 2908 e3
723 2829 778 2894 set
800 2829 883 2912 Hyg.
908 2831 928 2890 f.
956 2830 1030 2914 1753
1082 2908 1087 2916 ¹

30 2937 128 2996 Paua.
146 2935 186 3012 ll,
208 2934 258 3014 25,
280 2952 312 3006 ας
344 2935 400 3014 lV,
420 2933 472 3010 35,
497 2950 526 3002 ις
557 2931 639 2994 adde
664 2932 773 2994 locum
794 2933 961 3004 Strabonis
985 2934 1032 2995 la·

33 3057 144 3099 cerum
166 3039 221 3115 tx,
242 3057 274 3120 p.
297 3030 371 3120 6473
399 3035 546 3110 Eustath.
568 3035 608 3098 ad
628 3035 666 3099 ll.
690 3057 714 3112 e,
736 3035 807 3099 412.
850 3033 1031 3096 Discedunt

31 3143 55 3204 ii
76 3155 184 3206 tamen
203 3127 356 3206 auctores
374 3142 413 3204 ab
434 3144 598 3220 Homero,
620 3144 676 3225 qui
698 3141 847 3204 Oeneum
867 3150 941 3201 aute
961 3140 1031 3203 bel·

32 3253 100 3330 lum
122 3252 298 3316 Troianum
328 3263 492 3314 mortuum
518 3267 590 3312 esse
620 3249 699 3312 dicit
730 3251 766 3313 lt.
798 3253 830 3330 β,
855 3249 933 3335 6413
965 3273 1031 3316 non

34 3356 119 3416 enim
141 3367 191 3416 est
210 3354 378 3436 ambiguus
399 3351 451 3416 bic
473 3355 586 3432 locus,
618 3354 708 3439 quod
727 3353 905 3417 Scholiasta
925 3363 1031 3440 putat,

35 3449 78 3514 ef.
97 3450 254 3533 Apollcd.
275 3454 300 3530 l,
321 3453 352 3528 8,
374 3452 403 3530 6,
425 3449 481 3535 qui
502 3451 651 3514 Oeneum
674 3450 713 3512 ab
730 3452 823 3534 Agrii
842 3452 916 3516 filiis
934 3475 1032 3518 vexa·

32 3561 104 3612 tum
139 3573 158 3612 a
183 3553 342 3616 Diomede
378 3553 476 3615 tradit
508 3552 705 3618 vindicatum
740 3574 810 3618 esse
843 3570 919 3626 aute
951 3557 1031 3618 belli

34 3653 168 3716 Troiani
187 3667 347 3736 tempora.
388 3658 637 3724 Transtulerunt
658 3667 764 3720 autem
785 3679 823 3719 ea
843 3659 877 3720 in
896 3661 1032 3721 naneti·

37 3779 111 3820 oues
146 3760 186 3824 de
216 3759 325 3824 reditu
358 3763 444 3845 regia
473 3757 747 3846 alii,soriptores.
769 3799 808 3818 «ι-
837 3767 873 3826 ln
900 3764 1031 3826 nomine
1095 3839 1098 3846 ,

36 3860 178 3924 adulteri
204 3862 291 3924 illius
330 3864 468 3925 varietas
502 3864 658 3948 quaedam
691 3868 870 3948 reperitur,
898 3868 1034 3929 Cometa

34 3965 90 4028 illc
112 3988 133 4025 a
152 3966 317 4050 plerisque
339 3965 467 4047 dieitur,
488 3967 743 4030 uliudaLneilio
763 3978 953 4051 usurpatum
975 3991 1034 4032 no·
1101 4047 1103 4052 ,

36 4087 112 4132 men
132 4066 233 4134 affert
252 4069 382 4136 Servius
404 4068 445 4132 ad
465 4071 545 4134 Aen.
567 4072 654 4151 Vlll,
674 4073 704 4152 S,
725 4071 767 4134 cf.
789 4073 845 4153 xt,
873 4071 950 4146 2683
977 4071 1033 4170 nbi

707 4173 761 4230 ll*
