2626 4768
219 1025 223 1034 ’
353 1071 572 1154 caron
623 1069 709 1150 ΧΗ.

262 1316 335 1376 RES
362 1318 402 1384 nt
430 1316 561 1374 nunna
587 1311 807 1374 nannum.

39 1585 205 1699 Variatur
226 1634 262 1690 ot
282 1622 499 1708 discrepantia
519 1622 554 1686 in
571 1621 610 1686 iis
631 1619 748 1702 rebus,
769 1639 852 1708 qnae
872 1621 1045 1708 proprium

41 1746 150 1809 Iliadis
170 1751 398 1828 argumentum
419 1740 585 1820 efficiunt,
614 1753 705 1804 tanta
736 1761 808 1803 osse
835 1762 901 1805 non
921 1747 1045 1825 potest,

43 1862 160 1932 quana
182 1860 233 1910 ea
251 1827 285 1910 ln
306 1847 375 1909 uns
397 1842 532 1924 fabulis,
563 1849 656 1906 certe
678 1843 707 1906 a
727 1844 805 1907 oum
826 1844 928 1906 muns
950 1843 1046 1906 anter

42 1948 256 2012 narrabantur
275 1947 310 2010 in
329 1944 526 2029 tragoediis,
554 1965 692 2029 quarunt
710 1956 899 2028 argumenta
920 1964 960 2007 ex
981 1945 1048 2008 Ho-

45 2050 170 2113 mericis
190 2048 383 2112 carminibus
405 2048 554 2110 desumta
576 2061 688 2128 erant,
715 2069 755 2112 ea
775 2069 850 2112 oum
870 2049 1046 2132 tragoediis

48 2153 133 2235 ipsis.
144 2150 277 2213 abstulit
297 2162 382 2228 aetas
406 2159 442 2213 et
460 2149 598 2215 delevit.
639 2151 733 2246 Quae
752 2173 842 2214 nuno
863 2153 990 2217 diversa
1006 2151 1048 2227 ab

50 2254 188 2318 Homero
210 2261 265 2314 ant
286 2249 501 2334 discrepantia
521 2260 705 2333 narrantur,
726 2251 825 2338 magis
843 2254 884 2317 ad
898 2255 1048 2320 ordinem

48 2381 239 2444 pugnarum,
263 2357 303 2420 ad
322 2365 451 2422 uomina
472 2358 620 2439 heroum,
642 2359 698 2444 qui
719 2360 834 2440 occisi,
857 2361 913 2445 qui
934 2363 1050 2426 vulne·

47 2464 106 2525 rati
125 2459 212 2542 sint,
243 2480 339 2545 qnam
360 2459 401 2521 ad
421 2481 475 2524 res
497 2459 581 2544 ipsas
602 2460 786 2542 pertinent,
819 2479 901 2545 quae
923 2463 1049 2544 singula

52 2583 133 2624 nuno
153 2581 303 2626 enarrare
335 2561 483 2644 ineptum
525 2561 622 2625 foret.
663 2561 707 2622 Ut
735 2571 844 2622 autem
871 2561 986 2646 aliquis
1012 2562 1048 2626 in

55 2663 112 2730 hoo
131 2675 242 2729 nostro
265 2665 378 2728 libello
406 2665 488 2727 ordo
517 2671 690 2726 continuus
720 2664 933 2746 observetur,
963 2686 1047 2749 quae

52 2771 249 2854 potissimum
267 2779 451 2830 memoratu
472 2767 567 2851 digna
587 2767 792 2849 videbantur,
813 2769 858 2830 ita
879 2782 916 2832 ut
932 2769 1048 2853 Dictys

53 2897 86 2938 ea
106 2871 268 2950 describit,
289 2871 400 2954 paucis
422 2870 475 2933 bio
497 2891 712 2954 exponemus,
736 2871 862 2958 reliqua
883 2874 924 2936 de
945 2875 1048 2936 nomi·

54 2975 139 3036 nibus
171 2973 355 3036 occisorum
392 2978 427 3032 at
466 2971 730 3052 vulneratorum,
767 2973 842 3057 quia
872 2976 972 3057 magis
1007 2973 1049 3038 do

55 3075 155 3138 verbis
176 3075 317 3138 auctoris
336 3092 433 3156 quarn
454 3070 495 3134 de
516 3070 633 3134 sabulis
656 3073 816 3156 agendum
839 3087 906 3156 est,
926 3077 960 3136 in
982 3075 1049 3138 edi·

56 3180 137 3244 tione
156 3181 281 3261 Dictyis
303 3199 361 3241 suo
382 3179 458 3240 looo
479 3176 692 3242 monebimus.
1045 3168 1052 3178 ’

131 3286 267 3368 Chryses
288 3282 439 3346 sacerdo&
452 3283 614 3365 Apollinis
636 3263 797 3368 utDidtys
811 3285 866 3366 ait,
888 3287 1050 3368 Sminthii,

57 3389 189 3472 Chrysae
201 3385 384 3450 habitabat.
426 3387 463 3449 11.
486 3409 518 3466 a,
538 3387 614 3458 4315
637 3389 748 3471 Dictys
770 3399 877 3452 autem
898 3393 1052 3456 sminthi-

58 3513 111 3575 am,
132 3493 347 3558 Troianorum
382 3492 536 3576 oppidum
558 3494 696 3577 patriam
724 3495 792 3558 eius
814 3496 982 3582 designare
1003 3501 1051 3563 vi-

60 3595 147 3662 detur
174 3604 212 3682 ll,
248 3603 303 3674 143
337 3625 411 3665 nam
442 3602 488 3664 ibi
517 3615 681 3681 narratur,
714 3603 861 3684 Apollini
890 3603 1048 3666 Sminthio

59 3703 240 3767 sacrificium
263 3704 440 3768 exhibitum
462 3723 531 3767 esse
552 3725 570 3764 a
592 3704 723 3785 Chrysa,
745 3703 862 3766 illius
895 3703 981 3769 loo‘i
1002 3727 1051 3766 sa-

61 3809 182 3872 cerdote
210 3821 410 3893 praeeunte,
443 3809 534 3870 locus
556 3818 664 3870 autom
692 3810 725 3870 in
745 3809 783 3870 iis
819 3829 901 3891 quaa
922 3817 1051 3871 antece·
1108 3839 1110 3847 v

61 3905 148 3990 dunt,
168 3913 277 3972 nullus
306 3913 501 3976 nominatur.
541 3914 689 3974 Fuerunt
711 3926 836 3995 autem,
866 3917 920 4000 qui
941 3916 1052 3980 civita·

65 4013 122 4074 lem
141 4013 310 4077 Sminthea
331 4025 523 4094 statuerent,
545 4013 586 4080 cf.
608 4014 722 4099 steph.
743 4019 821 4098 Byn.
843 4038 870 4081 s.
880 4039 910 4080 v.
926 4019 1053 4082 Soholi·

67 4122 138 4180 astes
159 4127 267 4180 autam
289 4118 329 4180 ad
350 4117 387 4180 ΙΙ.
409 4140 441 4193 α,
461 4117 501 4204 39
523 4116 714 4181 Smintbiam
739 4117 884 4256 npmiuat
904 4131 938 4183 et
958 4139 1051 4206 prae·
