2722 4776
684 422 888 487 ..30-

279 598 359 680 6043
387 596 661 661 Philomelam
682 593 793 659 Schol.
815 597 981 681 Apollonii
1002 599 1065 662 nh.
1086 600 1137 666 ad
1159 602 1182 682 l,
1203 596 1299 686 5583

282 705 346 780 IV,
379 700 451 765 816.
491 703 589 764 Hunc
610 705 772 786 Eurytum
795 700 866 783 (aut
893 703 1068 783 Actorem,
1103 707 1219 768 Tacta.
1251 707 1299 767 ad

280 803 357 886 Lyo.
381 805 452 886 175)
484 802 603 865 Peleus
632 805 666 864 in
686 804 861 866 venatione
882 804 952 886 apri
975 804 1141 888 Calydonii
1161 807 1297 890 impru-

209 931 213 940 ’
281 904 362 968 dens
384 904 512 986 occidit,
532 903 626 969 Pir‘rd.
640 906 732 968 Nem.
756 907 812 983 ΙΙΙ,
831 906 888 985 553
910 904 1067 988 Apollod.
1088 909 1111 984 Ι,
1124 909 1154 985 8,
1170 907 1297 990 2‚§6;
1345 897 1346 962 l

280 1015 314 1068 et
335 1005 375 1066 ad
387 1008 538 1067 Acastum
559 1025 671 1088 regem
692 1028 726 1069 se
748 1007 895 1072 contulit.
917 1005 1054 1071 Ovidius
1074 1010 1161 1073 Fast.
1173 1010 1214 1087 ΙΙ,
1226 1011 1297 1093 393

278 1111 535 1191 Met.·x1,410;
557 1114 695 1174 Taetzes
718 1111 757 1174 ad
770 1115 847 1195 Lyc.
873 1112 929 1192 175
950 1125 1058 1174 autem
1081 1112 1189 1175 statim
1209 1125 1296 1193 post

278 1214 381 1276 Phoci
402 1232 515 1274 necem
537 1234 612 1275 eum
634 1213 674 1275 ad
695 1217 848 1276 Acastum
869 1214 989 1297 fugisse
1010 1229 1159 1292 narrant,
1193 1227 1294 1296 post·

278 1341 386 1406 quam,
406 1329 444 1380 ut
461 1313 595 1412 Ovidius
617 1317 639 1379 l.
653 1317 781 1378 Metam.
796 1317 817 1377 l.
840 1317 894 1392 ait,
917 1316 1139 1378 lustrationem
1159 1313 1291 1378 frustra
1343 1255 1346 1386 l

278 1441 299 1486 a
320 1425 423 1507 Ceyce
444 1433 539 1484 antea
559 1419 733 1502 petiverat.
764 1421 846 1481 Erat
866 1419 935 1482 eius
956 1417 1066 1482 Acasti
1085 1439 1169 1482 uxor
1190 1423 1290 1502 Asty·

276 1525 391 1604 (lamia,
403 1522 602 1586 PindNem.
624 1522 681 1601 lV,
702 1539 752 1608 92,
773 1530 829 1584 aut
841 1523 1029 1606 Hippolyte,
1051 1521 1160 1584 Schol.
1172 1522 1289 1606 Apoll.

274 1631 339 1696 Rh.
363 1633 387 1710 1,
410 1635 488 1711 2243
519 1649 603 1715 quae
623 1630 717 1693 Pelei
745 1651 856 1694 amore
878 1631 995 1694 exarsit
1003 1675 1024 1711 ,.
1043 1648 1185 1716 cumque
1208 1649 1286 1692 eum

276 1735 318 1797 ad
340 1735 535 1820 explendam
555 1733 742 1818 cupidinem
755 1734 914 1816 pellicere
934 1751 999 1794 non
1018 1731 1196 1814 potuisset,
1218 1751 1286 1792 ma-

273 1840 374 1903 ritum
407 1837 496 1901 falsis
520 1837 781 1900 accusationibus
810 1836 850 1898 de
871 1835 973 1897 Peleo
1003 1833 1216 1917 suspiciosum
1236 1834 1286 1896 ita

275 1940 371 2018 fecit,
402 1949 441 2002 ut
459 1939 588 2001 insidias
611 1939 642 2000 ei
662 1945 825 2018 strueret5
858 1936 954 1997 simul
982 1936 1131 1996 nuntium
1153 1933 1195 1995 ad
1215 1935 1286 1996 An·

275 2043 409 2125 tigonen
437 2039 530 2103 Pelei
563 2059 699 2103 uxorem
731 2038 813 2100 irata
845 2037 963 2098 mulier
995 2035 1082 2096 misit
1114 2033 1155 2098 de
1187 2037 1285 2098 novis

274 2137 406 2225 pristini
426 2137 570 2222 coniugis
590 2135 734 2222 nuptiis,
768 2155 851 2220 quae
872 2154 912 2196 eo
933 2136 1046 2198 cundo
1068 2144 1206 2219 accepto
1235 2137 1285 2198 la-

277 2265 362 2330 queo
383 2243 483 2306 vitam
503 2239 634 2317 finivit?
666 2237 775 2320 Apoll.
796 2237 853 2315 ΙΙΙ,
876 2237 981 2319 13‚3;
1008 2238 1124 2301 Suidas
1145 2251 1181 2300 et
1201 2240 1279 2310 Ant,

270 2346 348 2410 Lib.
366 2345 402 2407 ll.
416 2345 459 2406 ll.
481 2348 615 2405 Acastus
637 2349 745 2404 autem
758 2339 905 2404 *Pelcum
923 2342 957 2404 in
990 2345 1165 2404 venatione
1191 2341 1273 2422 sopi-

255 2460 345 2513 stum
366 2449 478 2511 labore
498 2445 650 2532 reliquit,
682 2453 857 2527 postquam
888 2441 1089 2506 machaeram
1122 2444 1191 2506 eius
1220 2439 1276 2503 ab·

275 2555 491 2631 scondiderat,
510 2548 644 2615 Hesiod.
665 2569 715 2632 ap.
736 2547 847 2613 Schol.
865 2547 958 2608 Pind.
970 2549 1062 2611 Nem.
1084 2549 1138 2628 IV,
1158 2548 1214 2631 953
1235 2544 1277 2608 ab

275 2656 345 2720 aliis
367 2674 447 2736 enm¹
462 2652 568 2715 solum
589 2649 657 2712 sine
687 2650 783 2712 armis
808 2657 963 2714 venatum
990 2646 1115 2711 misisse
1146 2647 1276 2727 dicitur,

274 2767 310 2822 et
339 2759 424 2818 Mars
454 2753 582 2818 obviam
608 2752 713 2814 factus
749 2762 804 2813 aut
835 2749 1045 2814 Vulcanus'a
1077 2751 1136 2813 diis
1157 2751 1271 2814 missua
1342 2719 1345 2820 l

273 2859 476 2926 machaeram
498 2858 529 2920 ei
556 2855 665 2935 dedit3
698 2852 774 2915 hinc
794 2849 995 2917 machaeram
1015 2852 1175 2916 invenisse
1195 2849 1277 2914 dici-

272 2979 329 3028 tur
350 2984 368 3024 a
389 2961 505 3024 Servio
528 2957 569 3020 ad
590 2960 672 3020 Aen.
693 2958 748 3034 lx,
776 2955 855 3034 5053
888 2967 943 3017 aut
965 2953 1086 3018 Chiron
1120 2973 1280 3038 experge-

273 3069 361 3132 facto
382 3066 484 3128 Peleo
504 3083 591 3126 arma
624 3059 809 3122 abscondita
839 3055 996 3138 reddidit,
1025 3077 1164 3141 cumque
1197 3078 1278 3118 eum

274 3172 428 3237 Centauri
446 3189 563 3232 necare
584 3167 731 3245 vellent,
765 3165 866 3227 vitam
886 3166 1040 3232 servavit.
1060 3167 1115 3230 '·cf.
1137 3178 1276 3250 praeter

273 3288 422 3341 auctores
451 3272 851 3347 11.Pind.Nem.1V‚8o
877 3278 912 3332 et
940 3269 1048 3332 Schol.
1080 3269 1121 3332 ad
1140 3271 1172 3333 b.
1193 3272 1217 3336 Ι.
1242 3285 1277 3336 et
1308 3349 1312 3356 Ι

228 3403 232 3414 ’
275 3398 373 3462 quem
393 3375 448 3438 alii
474 3371 648 3448 laudavere
670 3372 792 3434 Zenob.
815 3375 855 3450 V,
877 3391 926 3435 ac.
948 3375 1050 3453 Nunc,
1082 3385 1120 3435 ut
1140 3373 1277 3436 videtur

271 3479 391 3540 Peleus
412 3478 513 3537 iratus
534 3485 589 3536 aut
607 3474 695 3536 solus
717 3471 825 3534 divino
846 3472 914 3534 telo
934 3470 1038 3534 frctus
1061 3472 1168 3554 (Pind.
1179 3477 1277 3536 Nem.
1344 3543 1345 3557 ,

272 3588 328 3665 ΙΙΙ,
350 3586 373 3649 Ι.
393 3585 428 3664 l.)
458 3591 514 3645 aut
547 3603 619 3643 cum
653 3583 765 3646 lasona
797 3590 831 3642 et
851 3580 1040 3662 Tyndaridis
1071 3565 1193 3643 lhlcum
1217 3601 1278 3642 ex-

271 3689 436 3775 pugnavit,
458 3700 496 3748 ut
515 3686 648 3767 puniret
668 3705 778 3767 regem
799 3683 1027 3750 insidiatorem.
1045 3684 1276 3769 Apollodorus

272 3801 381 3854 autem
408 3791 462 3869 ΙΙΙ,
495 3789 541 3868 ι3,
571 3793 590 3854 7
622 3789 681 3851 hoc
715 3800 790 3870 post
814 3801 925 3851 natum
950 3788 1112 3852 Achillem
1145 3787 1275 3854 factum

273 3911 344 3954 esse
372 3889 458 3951 dicit.
500 3888 566 3951 Sed
597 3890 742 3952 eiusdem
775 3893 915 3952 auctoris
948 3891 1056 3970 locus,
1087 3890 1161 3972 ubi,
1191 3893 1276 3976 quid

273 4008 418 4062 servatus
441 4019 459 4058 a
481 3996 622 4061 Chirone
643 3998 761 4058 Peleus
790 3996 906 4078 deinde
928 3999 1128 4081 peregisset,
1160 4018 1276 4062 narra-

272 4102 383 4177 batur,
416 4096 545 4178 mutilus
566 4107 626 4167 est.
666 4095 876 4179 Legebantur
902 4105 1011 4160 autem
1031 4115 1072 4162 eo
1093 4098 1168 4162 loco
1184 4085 1274 4164 'olim
