2626 4768
464 437 685 504 -171-

46 607 170 669 delati
190 617 293 686 eraut,
313 606 480 678 eonditum
499 609 579 674 dieit
599 610 732 674 sarvia·
753 607 794 672 sd
813 614 893 676 Aen.
914 607 970 690 lll,
994 607 1067 694 1083

43 705 215 797 Lampen
235 714 276 775 ah
298 733 357 794 eo,
391 720 531 800 Tegeam
552 735 632 782 vero
654 739 672 776 a
693 717 865 800 Talthybio
885 715 935 780 ibi·
958 714 1068 778 eondi-

44 836 134 885 tam
167 843 240 886 essa
266 823 367 885 tradit
387 824 571 908 Stephanus
593 827 671 908 Byz.
691 845 716 888 s.
737 845 769 889 v.
794 828 913 910 Tt'yso,
928 821 1090 908 >hripum

47 927 221 1022 Quatuor
243 927 311 989 eius
333 948 431 989 nares
454 927 493 989 ad
516 926 689 1010 Calydnam
719 929 855 992 insulam
879 929 986 993 ventis
1014 926 1070 988 de·

15 1093 23 1099 ,
50 1028 173 1108 lapsas
197 1046 270 1087 esse
291 1033 326 1086 et
347 1027 401 1111 qui
422 1027 455 1087 in
476 1025 514 1084 iis
534 1023 682 1102 fuissent,
705 1046 777 1087 eum
797 1025 911 1088 ineolis
932 1024 1001 1086 eius
1022 1023 1070 1084 iu·

54 1127 161 1188 sulae
181 1127 370 1188 commixtos
399 1145 469 1187 esse
498 1124 604 1188 refert
629 1125 794 1188 Diodorus
815 1128 863 1205 V,
893 1147 966 1210 pag.
986 1124 1069 1206 ³733

52 1229 228 1310 templum
242 1228 327 1289 Sami
349 1225 388 1287 ab
410 1247 451 1288 eo
472 1225 639 1288 eonditum
660 1247 731 1288 esse
753 1226 831 1288 dioit
845 1226 967 1288 Strabo
980 1227 1068 1302 XIV,

54 1349 142 1412 pag.
163 1333 223 1412 947
242 1331 282 1389 B.
326 1325 542 1405 Clitodemus,
577 1329 629 1389 eui
655 1327 690 1389 iu
714 1326 815 1388 rebus
843 1327 960 1390 Atticis
989 1344 1068 1408 prae

60 1433 140 1494 aliis
159 1431 257 1493 fidem
277 1430 507 1512 haheriposse
528 1430 699 1493 Pausanias
721 1429 821 1510 dicit,
854 1434 1070 1512 Agamemuoa

56 1557 143 1596 nem
173 1532 208 1596 in
240 1555 280 1596 eo
313 1535 431 1596 itinere
463 1549 537 1595 eum
556 1533 703 1596 Palladio
730 1534 871 1596 Atticam
905 1533 1068 1616 appulisse

54 1639 227 1716 tradebat,
248 1639 428 1701 Palladium
449 1659 466 1700 a
487 1639 739 1722 Demophoonta
768 1649 897 1723 raptum
929 1647 964 1700 et
984 1637 1069 1699 soei-

59 1763 164 1804 orum
185 1742 304 1804 multos
333 1742 523 1822 interfectos
545 1761 629 1820 esse,
653 1743 694 1806 ef.
715 1739 867 1805 Eustath.
888 1738 928 1800 ad
950 1736 1016 1802 od.
1037 1761 1071 1816 u,

55 1849 126 1910 321
150 1867 181 1926 p.
204 1845 239 1906 61
265 1857 299 1908 et
319 1843 368 1907 ⁶2.
388 1845 476 1926 Lips.
517 1841 661 1904 Nothum
682 1855 854 1927 praeterea
874 1839 977 1902 lilium
1000 1841 1068 1902 eius

61 1961 127 2012 aut
147 1951 270 2011 socium
291 1947 444 2009 Halesum
464 1949 498 2007 in
518 1946 641 2007 ltaliam
661 1949 772 2010 veniae
805 1949 900 2008 luere
921 1945 978 2029 qui
997 1965 1071 2006 nar·

65 2065 198 2128 rarent,
231 2051 327 2131 Virg.
348 2052 429 2115 Aen.
449 2051 520 2127 Vll,
541 2050 619 2132 723,
649 2049 692 2110 ef.
712 2051 817 2132 Heyu.
840 2067 910 2112 exo·
932 2049 1013 2119 vul.
1030 2047 1072 2110 ad

64 2156 111 2217 ad
130 2157 198 2221 Vll·
211 2177 242 2238 p.
269 2155 335 2236 ¹57·

150 2281 331 2339 Reversum
357 2277 392 2339 in
423 2273 561 2358 patriam
593 2294 676 2334 uxor
706 2273 963 2357 Clytaemnestra
996 2291 1072 2335 eor·

60 2392 165 2463 rupta
187 2382 227 2442 ab
250 2378 424 2462 Aegistho,
452 2379 486 2437 in
507 2397 570 2462 qua
590 2394 627 2436 re
648 2376 778 2458 Nauplii
800 2375 951 2436 auxilium
973 2394 991 2434 a
1011 2393 1073 2456 po·

62 2485 262 2547 sterioribus
290 2481 476 2544 auctoribus
502 2472 834 2559 commemorabatur,
866 2478 992 2539 nefarie
1024 2480 1073 2540 in-

59 2586 210 2650 terserit.
251 2584 372 2646 Causae
395 2582 510 2667 quibus
533 2592 694 2645 commota
714 2581 833 2643 mulier
859 2581 927 2642 tale
947 2579 1072 2642 facinus

63 2705 146 2746 ausa
167 2698 254 2746 esset
274 2685 382 2747 variae
410 2677 602 2767 traduntur,
636 2687 705 2749 sive
736 2686 825 2771 quod
854 2685 937 2748 irata
958 2686 1074 2747 fuisset

62 2787 110 2849 ob
132 2785 330 2846 immolatam
351 2785 449 2845 liliam
473 2785 688 2868 Iphigeniam,
716 2787 765 2849 uti
785 2787 900 2870 tragici
920 2787 1073 2871 plerique

66 2897 188 2968 poetae
209 2887 376 2966 referunt,
410 2889 479 2951 sive
505 2889 594 2972 quod
620 2890 732 2972 sperni
760 2909 904 2954 amorem
924 2909 1019 2951 suum
1040 2897 1075 2952 ea
1205 2915 1208 2932 ·

70 2991 281 3054 Cassandram
313 2989 374 3052 sibi
406 2991 569 3073 praeferri
603 2995 672 3076 pati
710 2995 929 3077 nequivisset,
959 3015 978 3056 e
1010 3013 1075 3078 qua

69 3100 291 3176 Agamemnon
313 3095 393 3156 duos
415 3093 498 3157 lilios
520 3106 686 3176 genuerat,
707 3097 803 3159 Paua.
826 3098 866 3174 ll,
890 3095 937 3175 16,
958 3099 1074 3177 het73

69 3201 138 3257 sive
159 3197 248 3280 quod
269 3195 413 3280 Aegisthi
433 3217 543 3260 amore
564 3197 713 3278 arsisset3
735 3197 1005 3281 Piud.Pyth.X1,
1023 3199 1074 3270 34.

69 3297 145 3392 Qua
166 3299 292 3362 ratione
313 3296 507 3360 interiectus
529 3277 579 3377 sit',
602 3297 796 3362 dissentiunt
808 3281 997 3382 seriptores,
1009 3300 1077 3362 llo·

71 3421 180 3461 merus
200 3417 275 3461 *eum
297 3403 330 3462 in
351 3402 501 3464 convivio
522 3400 562 3464 ab
584 3421 686 3464 uxore
709 3415 741 3464 et
753 3401 912 3484 Aegistho
933 3402 1076 3468 oooisum

72 3521 145 3561 esse
167 3497 246 3562 dieit
266 3501 332 3564 Od.
359 3506 387 3577 λ,
415 3507 477 3573 laio
511 3498 573 3579 (ὥς
593 3501 646 3579 τίς
666 3527 702 3566 rs
723 3503 896 3568 κατέκτανε
918 3505 999 3584 βοῦν
1021 3501 1078 3568 ἐπὶ

73 3601 199 3690 φάτγῃ)
222 3623 294 3666 oum
316 3605 427 3666 multis
448 3605 559 3685 sociis,
594 3627 706 3669 omnes
727 3607 809 3671 adeo
830 3607 886 3693 qui
907 3609 1006 3670 Troia
1024 3594 1077 3670 re·

71 3711 206 3773 diisseut
237 3731 311 3772 eum
333 3711 509 3774 Cassandra
541 3709 718 3797 liberisque
751 3707 928 3774 inderetis
951 3711 1075 3776 oeoisos

73 3834 145 3877 esse
167 3815 211 3876 ait
232 3817 404 3878 Pausanias
428 3820 466 3897 ll,
493 3818 516 3878 l.
538 3818 561 3878 l.
597 3816 637 3878 de
661 3815 837 3878 Cassandra
857 3814 902 3877 ef.
921 3814 1078 3882 Philostra

60 3926 190 4006 lmagg.
213 3925 250 4002 ll,
275 3911 324 4003 ao,
342 3946 377 4008 p.
398 3924 449 4010 69.
490 3927 671 3986 Homerum
700 3923 832 4009 sequuti
851 3933 928 3986 suut
948 3924 1078 4006 Augias,

73 4029 253 4112 Aeschylus
273 4033 331 4115 Ag.
356 4032 442 4103 2343.
481 4033 548 4095 Alii
579 4054 654 4096 eum
685 4031 720 4095 in
752 4030 869 4093 balneo
903 4030 944 4092 ab
975 4048 1078 4094 uxore
1200 4029 1202 4041 '

78 4129 218 4193 occisum
241 4152 310 4195 esse
332 4133 459 4215 dieunt,
489 4153 572 4219 quae
594 4131 624 4198 ei
644 4132 794 4196 tuuioam'
809 4150 906 4216 quam
925 4131 1078 4198 indueret
