2722 4776
674 409 891 478 ...54-

268 587 409 650 -ridetur
456 583 544 648 anxit
574 591 683 644 nmen
713 581 761 644 rei
782 577 1011 642 difficultatem
1040 579 1159 662 ipsein,
1196 602 1317 666 quam

277 683 439 772 expedire
470 686 617 748 homines
651 685 833 750 voluerant.
874 683 973 768 Apud
1008 683 1127 782 Hictyn
1168 683 1314 746 eadem

277 800 469 874 praeterea,
499 788 636 872 quaein
658 788 741 850 serie
762 788 890 869 generis
920 805 1034 870 regum
1056 786 1313 864 Troianorum,

276 893 416 976 varietas
438 890 650 969 observatur,
680 893 854 972 Taygetam
874 891 1033 972 Agenoris
1054 888 1155 953 filiam
1174 889 1312 971 fuisse,

278 1011 362 1074 quae
383 992 546 1052 communi
568 1003 754 1053 ceterorum
776 991 973 1074 scriptorum
995 1013 1156 1056 consensu
1177 994 1310 1058 Pleias
1335 1045 1336 1050 ,

281 1105 317 1156 et
339 1093 479 1156 Atlantis
500 1093 649 1159 traditur.

359 1201 462 1263 Maior
484 1201 580 1264 etiam
614 1211 664 1261 est
695 1200 834 1264 varietas
861 1198 895 1262 in
922 1199 1007 1264 serie
1042 1201 1204 1290 maiorum
1232 1203 1306 1262 Le·

278 1307 347 1385 dae,
370 1305 460 1368 euius
481 1324 582 1388 genus
605 1303 760 1386 Apollod.
781 1305 803 1382 l,
824 1327 854 1386 7,
880 1323 897 1366 s
925 1337 965 1349 -
995 1304 1080 1368 ein
1109 1303 1306 1366 describit:

278 1406 463 1480 Deucalion
484 1440 523 1452 -
546 1405 664 1467 Hellen
685 1439 724 1450 -
746 1405 868 1466 Aeolus
890 1439 929 1450 —
952 1405 1067 1488 Calyce
1089 1404 1154 1468 filia
1185 1421 1303 1489 nupta

278 1505 427 1584 Aethlio,
469 1539 509 1551 -
550 1506 733 1588 Endymion
765 1539 805 1552 -
833 1507 970 1570 Aetolus
998 1541 1037 1552 --
1058 1507 1207 1568 Pleuron
1258 1541 1298 1553 -

94 1637 98 1644 ·
173 1667 185 1692 ,
276 1609 654 1694 Agenor-Hemoniae
675 1607 750 1690 filie,
772 1629 856 1694 quae
877 1629 896 1672 e
916 1613 1019 1674 Marte
1041 1609 1213 1674 Thestium
1230 1631 1296 1694 ·ge·

279 1715 361 1793 nuit,
382 1716 439 1800 qui
460 1711 500 1778 ex
520 1716 755 1800 Euryllremide
776 1718 899 1780 Ledam
919 1716 1018 1778 filiam
1039 1716 1160 1781 habuit
1195 1719 1293 1779 Haec

281 1815 381 1879 credo
412 1837 452 1878 ex
473 1817 641 1881 Hellanico
669 1817 775 1881 hausit
796 1819 1039 1903 Apollodorus3
1070 1820 1234 1904 Agenoris
1257 1820 1293 1881 fi·

279 1917 360 1980 lium
393 1915 562 1981 Thestium
597 1939 670 1982 esse
705 1920 822 1982 Areios
863 1920 1056 1984 carminibus
1095 1921 1294 2005 reliquerat,

280 2020 377 2081 Paos.
401 2018 456 2098 111,
482 2021 528 2098 13,
549 2021 589 2101 83
629 2019 807 2082 Demonice
840 2034 948 2082 autem
969 2021 1153 2088 Andronice
1175 2025 1294 2106 appel-

279 2123 368 2184 letur
389 2121 477 2204 apud
497 2119 606 2184 Schol.
628 2120 668 2183 ad
688 2121 799 2204 Apoll.
827 2120 889 2182 Rh.
912 2123 936 2199 l,
967 2121 1032 2193 146.
1075 2123 1141 2184 Sed
1167 2126 1293 2188 Enme·

279 2232 331 2294 lue
359 2232 393 2292 in
425 2227 639 2293 Corinthiacis
671 2228 832 2290 Ledama
866 2230 989 2291 Glauco
1017 2229 1145 2313 Sisyphi
1172 2230 1244 2295 filio
1268 2257 1287 2296 e

280 2332 451 2414 Pantidyia
473 2330 613 2412 genitam
636 2350 705 2391 esse
726 2343 930 2408 narraverat,
961 2353 1056 2416 quarn
1078 2353 1151 2394 cum
1171 2343 1282 2416 postea

281 2431 434 2496 Thestius
459 2434 533 2522 sive
563 2431 740 2516 Thespius,
770 2431 816 2494 sic
850 2432 935 2494 enim
956 2433 1094 2496 nominis
1126 2437 1283 2516 scriptura

280 2533 436 2615 fluctuat,
455 2557 593 2598 ,uxorem
614 2535 776 2614 duxisset,
798 2537 866 2598 cius
889 2558 1020 2621 qnoque
1042 2537 1141 2600 filiam
1161 2539 1282 2600 Ledam

279 2636 476 2704 habuissent.
515 2637 720 2721 Pherecydes
743 2636 871 2721 (fragm.
886 2641 932 2722 8.)
953 2637 1063 2708 abhis
1084 2639 1279 2718 dissentiens,

282 2748 417 2830 Thespii
446 2746 577 2833 quidem
612 2741 711 2806 filiam
743 2763 813 2836 esse
835 2745 976 2822 Ledam,
1006 2758 1143 2822 ¹matrem
1171 2752 1277 2818 autem
1339 2769 1340 2774 ¹

285 2848 355 2910 eius
375 2848 590 2931 Laophonlen
599 2845 771 2916 Pleuronis
793 2843 890 2906 filiam
912 2847 1011 2912 fuisse
1033 2845 1171 2908 tradidit.
1189 2843 1279 2907 llaec

280 2949 481 3014 Scholiastes
504 2950 675 3034 Apollonii
702 2937 741 3010 ad
763 2950 784 3010 l.
806 2948 828 3014 l.
849 2947 963 3029 affert,
992 2951 1048 3033 qui
1069 2950 1199 3014 Aetolin
1216 2951 1282 3010 Le-

280 3051 354 3122 dam
375 3053 462 3132 dicit,
484 3073 580 3137 qnam
602 3052 716 3136 ibycus
737 3051 963 3132 Pleuroniam,
983 3053 1173 3116 Hellanicus
1194 3051 1284 3134 Caly·

278 3153 419 3234 doniam¹
438 3155 655 3238 appellabant,
687 3156 732 3219 cf.
752 3152 846 3216 Eus't.
875 3154 916 3216 ad
945 3153 1004 3217 Od.
1027 3159 1056 3228 λ,
1079 3174 1149 3239 297.
1190 3155 1281 3246 Quae

276 3255 400 3339 Dictys¹
414 3255 533 3335 affert,
567 3277 638 3318 eam
660 3279 677 3318 e
696 3257 822 3320 Phineo
844 3257 1003 3340 Agenoris
1028 3255 1096 3320 filio
1128 3257 1282 3339 originem

278 3355 459 3438 deduxisse,
481 3381 580 3442 supra
601 3359 704 3442 tetigi.

358 3465 408 3524 Ex
422 3461 512 3523 Leda
531 3462 640 3546 itaque
655 3464 765 3526 lovem
777 3464 938 3524 Helenam
958 3460 1107 3545 genuisse
1120 3461 1159 3524 ah
1180 3464 1282 3526 omni·

276 3563 338 3626 hus
374 3586 440 3627 uno
464 3584 521 3627 ore
554 3566 638 3628 tradi
659 3564 802 3628 affirmat
825 3567 996 3654 Pausanias
1016 3569 1041 3655 l,
1063 3547 1115 3646 33⁴,
1133 3590 1153 3649 7
1161 3587 1171 3646 3
1192 3566 1281 3629 onius
1339 3609 1340 3644 ,

276 3669 386 3736 famae,
412 3683 581 3733 auctorem
620 3671 727 3754 ipsum
756 3673 937 3735 Homerum
967 3673 1053 3736 haud
1089 3673 1164 3736 satis
1192 3685 1283 3736 recte

256 3769 440 3833 «habehant
463 3781 622 3852 eeteros,
664 3772 720 3854 qui
763 3772 799 3834 ll.
822 3796 852 3855 y,
892 3768 955 3839 418
996 3771 1159 3836 Helenam
1196 3768 1279 3847 Διὸς

278 3871 473 3956 ἕκγεγαυῖαν
499 3874 626 3942 dixerit.
666 3876 842 3939 Homerica
870 3879 957 3939 enim
984 3859 1139 3956 carmina,
1172 3875 1196 3938 si
1214 3875 1278 3938 sin·

277 3979 371 4060 gulos
392 3999 540 4065 quosque
562 3980 651 4044 locos
675 3979 932 4063 comparaveris,
960 4001 1026 4042 non
1047 3999 1180 4063 prorsus
1200 3997 1274 4040 oon·

279 4079 399 4144 sentire
420 4080 481 4146 ribi
502 4081 664 4164 arhilr0r3
697 4103 771 4146 nam
804 4098 904 4145 versu
925 4081 985 4152 243
1007 4079 1114 4144 Iliadis
1136 4080 1158 4147 l.
1178 4078 1199 4144 l.
1224 4097 1273 4140 se·
