2626 4768
443 449 669 514 -173-

45 622 147 684 euim
168 617 237 703 qui,
258 630 429 700 autequam
441 617 607 682 Menelaus
627 617 661 676 in
680 616 818 702 patriam
837 613 995 696 rediisset,
1012 616 1060 678 in·

42 721 239 787 torfeotum
274 718 313 778 ab
348 713 691 799 Oresta'Aegisthum
721 735 793 778 esse
826 725 953 792 namet,
974 725 1062 798 -post

40 836 186 908 septem
213 842 312 883 annos
335 841 408 883 eum
430 819 471 880 ad
490 817 717 882 vindicandum
738 827 864 900 patrem
885 817 1061 879 revertisse

43 926 158 1001 dicit,
184 932 222 983 ut
242 921 359 982 merito
381 918 526 999 mireris,
553 917 609 1002 qui
630 925 744 982 auctor
764 917 945 999 argumenti
965 917 1062 976 Elee-

45 1041 130 1089 trae
153 1021 326 1106 Sophoclis
354 1021 388 1083 id
407 1031 484 1103 post
513 1022 626 1104 viginti
655 1043 756 1084 annos
781 1020 903 1083 sactum
924 1039 994 1082 esse
1015 1019 1063 1080 di-

52 1145 138 1187 cere
159 1121 273 1206 possit.
306 1123 372 1181 Res
393 1119 463 1201 ipsa
484 1121 573 1184 vario
595 1119 691 1184 modo
712 1123 875 1182 narratur.
915 1120 968 1180 Ad
989 1119 1062 1182 ido·

52 1251 214 1294 rueneum
236 1227 368 1291 Orestes
388 1229 488 1308 venit,
509 1249 526 1290 a
548 1248 613 1311 quo
636 1229 777 1310 acceptis
794 1227 950 1289 militibus
963 1227 1063 1289 Athe-

54 1355 119 1396 nas
144 1328 328 1408 contendit,
361 1329 447 1392 unde
469 1330 509 1392 ad
531 1315 721 1413 Strophium
741 1331 910 1413 profectus
932 1338 998 1405 est,
1029 1340 1065 1392 et

60 1433 106 1496 ab
120 1453 170 1510 eo,
190 1445 227 1494 ut
249 1431 417 1495 oraculum
430 1431 589 1515 Apollinis
610 1432 758 1508 iusserat,
780 1429 821 1496 cf.
841 1429 956 1493 Aescb.
969 1433 1065 1496 Eum.

64 1549 100 1598 et
121 1534 264 1617 Choeph.
287 1535 357 1618 267,
385 1536 501 1598 auxilia
520 1535 626 1619 petiit.
667 1533 838 1619 Strophius
867 1545 995 1614 'autem,
1026 1546 1065 1598 ut

61 1641 175 1720 Dictys
197 1638 295 1716 V1,3
316 1636 430 1718 tradit,
461 1638 562 1700 iratus
591 1651 663 1700 erat
683 1640 717 1700 in
737 1641 947 1722 Aegisthum,
976 1641 1065 1724 quod

64 1746 96 1808 is
117 1746 181 1808 lilia
210 1765 264 1806 sua
290 1767 386 1830 quam
416 1765 549 1808 uxorem
577 1743 734 1806 habuerat
761 1755 875 1828 spreta
895 1766 970 1808 cum
992 1747 1065 1830 Cly-

65 1863 263 1916 taamnestra
284 1859 514 1914 consuesceret
522 1872 533 1930 3
566 1849 648 1912 hanc
680 1858 788 1912 autem
815 1851 956 1912 fabulam
988 1850 1066 1912 alibi

65 1957 156 2038 tangi
175 1977 239 2017 nou
261 1953 410 2033 memini3
435 1952 494 2014 sed
523 1951 584 2014 alia
603 1953 713 2035 potius
734 1953 816 2014 ratio
839 1961 909 2015 erat
929 1951 1065 2015 affinita-

72 2059 114 2120 tis
133 2059 214 2120 inter
235 2059 425 2141 Strophium
446 2069 480 2119 et
502 2056 670 2134 Orestem,
691 2053 732 2118 de
754 2079 817 2142 qua
836 2079 935 2140 supra
955 2077 1063 2120 sermo

72 2172 161 2245 erat3
176 2161 239 2225 lilia
255 2171 362 2224 umen
376 2161 522 2245 Strophii
533 2170 734 2223 memoratur
746 2163 939 2244 Astydamia,
953 2164 1063 2228 Sobel.

67 2269 150 2329 Eur.
170 2264 227 2328 Or.
248 2265 297 2328 53.
339 2264 389 2325 Ab
420 2283 459 2326 eo
493 2264 610 2326 auxilia
638 2267 687 2328 uti
713 2268 865 2332 voluerat
885 2270 1010 2352 accepit
1031 2277 1066 2332 et

65 2381 205 2432 armatus
228 2388 302 2429 cum
321 2363 443 2448 Pylade
463 2367 497 2428 vi
517 2365 687 2449 adgressus
709 2369 892 2433 adulterum
913 2384 1064 2434 matrem·

64 2493 134 2556 que
153 2469 334 2547 interiecit,
367 2469 460 2531 Pind.
481 2469 575 2553 Pyth.
595 2472 648 2548 lli,
670 2471 725 2541 555
759 2470 835 2534 dolo
867 2491 960 2533 usum
993 2493 1064 2534 esse

64 2574 221 2636 Orestem
242 2568 356 2651 tragici
376 2580 495 2653 poetae
515 2568 677 2631 finxerunt
708 2572 912 2633 oeconomiae
942 2570 1065 2632 drama·-

64 2690 140 2738 tum
160 2671 431 2750 obsecundantes,
464 2693 602 2754 qnorum
627 2672 825 2733 narrationes
848 2671 992 2758 quisque¹
1005 2695 1065 2734 no·

63 2781 176 2862 verit3
198 2777 239 2840 cf.
259 2780 392 2841 Luciau.
414 2779 454 2840 de
471 2779 566 2840 Dom.
588 2781 644 2857 233
665 2781 748 2861 Hyg.
770 2779 793 2844 s.
816 2781 1001 2867 119380rv.
1024 2779 1074 2844 ad·

68 2886 149 2945 Aen.
172 2882 227 2958 IV,
255 2885 333 2962 471,
363 2879 421 2963 qui
441 2876 482 2940 ad
501 2879 557 2958 xl,
579 2879 638 2961 267
668 2879 761 2940 aliam
781 2883 997 2944 narrationem
1019 2881 1065 2946 al'·

68 2984 137 3047 fert
156 2985 440 3067 Clytaemnestram
478 3003 544 3045 non
571 3003 668 3044 manu
697 2982 756 3044 lilii
782 2985 839 3047 sed
870 3007 888 3046 e
919 2987 1063 3051 iudicum

74 3091 230 3151 sententia
268 3088 473 3148 interemtam
513 3107 592 3152 esse.
634 3088 793 3148 Homerus
837 3087 897 3150 Od.
937 3113 967 3172 y,
1002 3093 1064 3156 305

73 3186 204 3250 Athenis
222 3189 356 3252 rediisse
379 3191 532 3254 Orestem
553 3189 662 3268 tradit,
690 3190 731 3250 ad
750 3211 847 3274 quem
869 3192 977 3253 locum
997 3197 1064 3255 Eu·

68 3290 202 3354 statbius
236 3313 308 3355 eum
341 3307 397 3357 aut
429 3293 561 3356 Athenis
596 3303 651 3354 aut
677 3289 818 3356 Phocide
851 3297 977 3359 venisse
1009 3299 1063 3378 ait,

72 3415 165 3474 quam
186 3404 383 3476 postremam
404 3397 620 3457 narrationem
648 3397 766 3457 secutis
787 3407 863 3479 post
882 3399 1064 3460 Homerum

73 3496 254 3558 auctoribus
276 3496 388 3558 deberi
408 3497 547 3560 aflirmat
566 3496 686 3558 ibidem
707 3495 911 3560 Scholiastes.
951 3501 1063 3582 Dictys

72 3596 227 3660 cumbae
248 3611 386 3682 utraque
409 3601 538 3662 tertiam
558 3599 646 3662 illam
668 3599 708 3660 de
731 3599 904 3662 Idomeneo
927 3603 994 3664 siue
1015 3602 1065 3662 ul-

74 3703 107 3761 la
125 3702 250 3766 rationa
272 3703 482 3783 conglutinat.

151 3807 231 3865 Post
249 3813 414 3886 peractam
434 3805 544 3866 matris
566 3801 696 3868 caederis
718 3806 810 3870 iuriis
832 3809 966 3891 agitatus
984 3810 1064 3872 Ore·

72 3917 136 3968 stes
157 3906 293 3990 aufugit,
313 3916 345 3967 ct
366 3915 422 3966 aut
442 3929 459 3967 a
481 3910 678 3989 Troezeniis‚
700 3913 795 3972 Paus.
817 3911 854 3988 ll,
876 3912 925 3988 da,
945 3918 1012 3980 tet
1031 3915 1062 3990 8,
1119 3965 1121 3972 ,

77 4021 132 4072 aut
151 4009 286 4072 Athenis
317 4010 462 4092 expiatus
494 4024 551 4088 est,
580 4011 665 4076 Dict.
693 4015 748 4090 Vl,
776 4012 806 4090 l,
840 4013 895 4097 qui
921 4033 991 4075 rem
1018 4016 1063 4076 ita

75 4123 198 4192 narrat,
221 4113 310 4196 quasi
330 4114 477 4176 Menelao
496 4114 698 4198 potissimum
719 4125 852 4181 auctore
869 4119 1024 4200 expulsus
1045 4141 1064 4180 a
