2626 4768
596 349 820 416 ...104-

72 529 77 544 ’
208 514 294 578 idem
325 513 519 577 beneficium
548 516 582 578 in
611 516 819 580 idomeneum
855 519 1010 582 collatum
1043 540 1116 583 esse
1156 523 1218 583 alia

207 621 392 684 narratione
424 619 623 682 tradebatur.
663 620 830 683 Diodorus
863 623 904 700 V,
936 643 1009 706 pag.
1042 624 1104 711 395
1140 647 1217 688 eum

207 721 440 804 Sarpedonem,
463 721 519 805 qui
541 741 613 781 cum
624 719 867 804 Agamemnone
889 723 1021 784 Troiam
1043 745 1216 807 oppugna·

206 831 323 908 visset,
350 827 453 890 lilium
472 827 618 890 Euandri
649 841 684 890 et
709 828 795 890 illius
823 830 900 892 love
929 832 1029 912 geniti
1054 847 1221 915 nepotem

207 932 307 994 suisse
349 930 438 994 dicit.
488 931 526 991 ln
558 931 690 1013 Lyciam
722 931 889 1013 Europam
924 953 1054 1016 quoquc
1085 937 1226 999 venisse

151 1081 154 1088 .
206 1025 318 1094 uariat
338 1030 529 1094 Herodotus
552 1031 574 1092 l.
597 1031 618 1090 l.
641 1049 714 1090 cum
738 1027 949 1091 Cretensibus
978 1028 1059 1110 illis,
1093 1036 1156 1116 qui
1181 1055 1224 1095 eo

208 1136 468 1218 emigraverunt,
489 1143 527 1196 ut
547 1133 697 1212 videtur,
718 1142 754 1196 et
774 1134 942 1216 Sarpedon
968 1137 1085 1198 multas
1117 1139 1225 1202 urbes

208 1237 390 1304 condidisse
423 1236 529 1297 fertur
558 1236 704 1326 Miletum
739 1247 774 1296 et
806 1235 893 1314 alias,
924 1233 966 1297 cf.
988 1235 1096 1302 Strab.
1130 1240 1223 1305 xlv.

204 1366 278 1432 pag.
300 1345 370 1428 951.
402 1343 501 1440 Quod
522 1342 633 1424 Dictys
660 1362 734 1403 eum
756 1339 877 1402 Xanthi
904 1337 1007 1402 filium
1036 1341 1129 1421 dicit,
1162 1344 1221 1406 de-

158 1451 163 1466 '
207 1463 350 1512 sumtum
384 1457 436 1509 est
462 1467 502 1508 ex
521 1463 620 1505 versu
642 1440 748 1502 Iliadis
770 1442 801 1520 β,
823 1441 893 1522 877.
915 1473 954 1486 —
976 1433 1072 1502 Subit
1091 1444 1222 1520 mirari,

207 1549 263 1631 qui
284 1547 407 1612 factum
428 1546 489 1624 sit,
521 1553 559 1605 ut
588 1563 641 1606 res
663 1542 822 1606 Troianae
854 1541 900 1602 ita
921 1542 1039 1602 similes
1063 1553 1106 1633 et.
1119 1565 1219 1626 pares

175 1648 394 1711 ‘dicerentur
414 1643 512 1707 rebus
535 1643 746 1719 Graecorum,
768 1641 815 1702 sic
834 1652 873 1702 ut
891 1659 978 1700 nunc
1000 1661 1139 1724 quoque
1156 1645 1219 1706 Ne·

205 1749 287 1809 stori
321 1755 428 1810 aetate
464 1764 567 1827 aeque
603 1755 782 1826 provectus
817 1740 996 1824 opponitur
1022 1741 1217 1824 Sarpedon3

205 1870 284 1933 quas
313 1845 439 1909 fabulas
461 1841 613 1927 equidem
646 1840 854 1924 logographis
876 1841 940 1902 illis
961 1839 1057 1902 Asiae
1079 1841 1218 1904 minoris

204 1949 319 2014 incolis
342 1947 499 2030 originem
520 1966 609 2024 suam
631 1943 752 2008 debere
784 1955 817 2006 et
837 1943 913 2007 iude
947 1944 980 2006 in
996 1943 1216 2032 ¹tragicorum
1274 1988 1278 1999 .

131 2041 134 2046 ¹
203 2054 346 2116 carmina
367 2069 531 2114 emanasse
553 2047 705 2110 arbitror.
798 2100 802 2108 ,

284 2160 520 2246 Protesilaum,
554 2185 628 2228 cum
653 2168 688 2228 in
708 2168 783 2230 fatis
812 2181 915 2247 esset,
944 2181 981 2232 ut
1010 2169 1066 2252 qui
1088 2170 1216 2252 primus

206 2273 407 2334 Graecorum
429 2286 447 2330 s
468 2265 543 2328 navi
570 2266 604 2327 in
637 2273 760 2328 terram
785 2266 927 2330 hostium
954 2267 1137 2330 desiluisset
1157 2289 1209 2330 oc·

205 2373 388 2447 cideretur,
409 2387 570 2452 generose
592 2388 628 2429 se
648 2387 710 2450 pro
732 2367 837 2430 salute
859 2369 1020 2431 exercitus
1042 2369 1202 2446 obtulisse,

203 2485 282 2540 nota
302 2473 412 2536 subula
433 2484 495 2539 est.
534 2470 616 2567 Quis
638 2470 694 2534 ille
717 2471 836 2551 luerit,
858 2471 914 2556 qui
936 2494 1013 2534 eum
1028 2457 1210 2550 interiecit,

203 2580 367 2639 Homerus
388 2583 455 2636 non
476 2572 582 2650 docet,
603 2570 757 2654 plerique
777 2573 958 2634 Hectorem
980 2572 1111 2652 dicunt,
1140 2575 1211 2635 Sta·

204 2679 292 2741 sinus
319 2679 353 2738 in
373 2674 480 2737 Proel.
510 2693 579 2740 exc.
600 2677 739 2738 Taetzes
761 2671 802 2734 ad
822 2675 899 2756 Lyc.
921 2673 981 2736 530
1003 2696 1021 2737 e
1043 2673 1211 2758 Sophocle

205 2787 239 2838 et
260 2797 278 2838 e
298 2775 470 2836 Demetrio
492 2774 627 2856 Scepsio
649 2773 762 2836 eadem
783 2771 893 2851 affert,
929 2771 970 2834 cf.
993 2771 1034 2833 ad
1053 2794 1101 2836 us.
1133 2777 1216 2866 2453

203 2880 282 2961 5283
302 2878 435 2940 Lucian.
451 2879 537 2940 Dial.
559 2886 736 2959 mort.‚so;
759 2879 798 2940 23
805 2899 815 2956 3
837 2877 1090 2962 Hyg.fab.103;
1117 2883 1219 2948 Ouid.

203 2986 281 3048 Met.
302 2983 374 3060 Xll,
396 2979 452 3064 673
474 2980 662 3044 Philostrat.
683 2983 815 3048 Heroic.
836 3004 907 3068 pag.
929 2984 999 3050 638.
1020 2989 1068 3066 B3
1097 2989 1220 3081 Quint.

202 3088 314 3166 sm.1,
336 3090 417 3168 8173
439 3087 462 3151 l.
483 3087 558 3148 Mat.
580 3105 652 3168 pag.
677 3090 749 3156 1245
770 3083 959 3149 Eustathius
980 3087 1021 3148 ad
1043 3089 1079 3152 ll.
1101 3090 1125 3152 l.
1150 3093 1177 3156 l.
1201 3116 1219 3154 a

108 3241 111 3248 .
202 3185 402 3272 Palaepbuto
424 3193 565 3271 Aenean,
598 3190 638 3252 ab
671 3191 741 3252 aliis
772 3191 951 3252 Hectorem
984 3190 1023 3252 ab
1051 3192 1121 3254 aliis
1145 3196 1218 3258 Eu·

203 3290 368 3373 phorbum
387 3293 547 3354 nominari
575 3291 685 3356 tradit.
725 3291 901 3373 Protesilai
931 3292 1030 3354 turris
1060 3301 1096 3353 et
1117 3294 1217 3358 delu-

203 3392 300 3454 brum
321 3394 382 3455 suit
402 3393 435 3455 in
457 3393 673 3472 Chersoneso,
689 3392 774 3456 Plin.
788 3395 832 3455 H.
846 3394 885 3454 N.
898 3394 953 3471 1v,
979 3395 1024 3458 18.
1044 3415 1118 3478 pag.
1145 3421 1217 3480 ¹⁰7·

203 3494 407 3555 Dissentiunt
428 3514 511 3578 quae
533 3494 574 3556 de
595 3494 655 3556 hac
677 3515 785 3578 pugna
805 3506 978 3560 narrantur
995 3493 1035 3555 ab
1053 3497 1103 3577 iis,
1126 3521 1216 3581 quae

203 3606 368 3666 Homerus
393 3601 506 3681 tradit,
539 3601 667 3664 Achille
687 3611 853 3686 pugnante
873 3605 1055 3664 Hectorem
1081 3607 1215 3670 nonnisi

204 3703 246 3766 ad
265 3711 395 3786 portam
417 3703 550 3765 Scaeam
571 3705 786 3786 processisse,
806 3704 843 3767 ll.
866 3727 888 3782 ι,
910 3703 989 3786 3453
1012 3725 1042 3784 o,
1063 3725 1135 3788 772.

284 3827 416 3912 Fugutis
437 3831 547 3910 itaque
570 3830 717 3917 Troianis
740 3829 858 3912 ¹Graeci
879 3839 983 3892 castre
1002 3841 1142 3914 ponunt,
1167 3835 1213 3894 ita

205 3939 243 3990 ut
263 3929 402 3991 medium
416 3930 554 4012 Ulymes,
576 3932 661 3994 Aiax
680 3942 715 3994 et
735 3933 879 3997 Achilles
900 3935 1012 3998 confisi
1031 3937 1158 4002 viribus
1178 3949 1212 4000 et

206 4025 397 4098 fortitudine
425 4022 546 4099 cornua
578 4045 748 4121 teuerept3
780 4039 817 4102 ll.
839 4043 875 4120 θ,
898 4046 973 4122 2243
995 4044 1024 4122 l,
1052 4023 1090 4125 7}
1126 4062 1210 4126 quos
