2722 4776
685 421 888 484 ...82-

286 589 440 668 carmina,
463 587 504 650 cf.
526 587 640 672 fragm.
653 561 714 675 ap.
737 588 856 654 Athen.
870 589 964 670 vlu,
976 591 1008 654 3.
1028 611 1061 674 p.
1082 589 1153 662 334.
1166 624 1210 636 -
1226 589 1318 653 Phi·

283 695 438 756 lustratus
458 694 538 756 Her.
559 711 632 776 pag.
661 699 724 774 704
744 694 880 756 Peleum
899 693 933 756 in
952 675 1046 758 Pelio
1069 703 1181 758 monte
1207 697 1316 779 igna-

285 813 358 856 rum
380 794 460 856 deae
481 815 555 855 cum
578 813 616 856 ea
637 792 849 856 concubuisse
871 806 993 870 narrat,
1209 813 1220 822 ·

365 896 439 958 Alia
460 906 569 957 autem
596 895 739 957 narratio
769 905 837 973 est,
867 897 1024 960 lunonem
1044 898 1163 976 Peleo,
1195 920 1316 981 quem

284 997 442 1082 imprimis
464 996 508 1059 dii
529 999 716 1082 diligebant,
737 1019 874 1062 uxorem
887 999 1008 1064 Thetin
1029 999 1172 1066 dedisse:
1196 1005 1245 1065 ΙΙ.
1273 1029 1315 1081 ω,

283 1101 323 1170 60
335 1123 346 1182 ;
365 1103 523 1186 Apellen.
544 1104 613 1169 Rh.
636 1107 783 1190 1v‚79u.
804 1104 914 1170 Schol.
939 1107 1018 1188 Lyc.
1053 1108 1120 1188 178.
1161 1106 1316 1171 Scilicet

282 1206 410 1291 Iupiter
437 1206 567 1268 omnino
596 1205 743 1269 Thetidis
788 1207 953 1270 connubio
988 1208 1088 1291 potiri
1120 1209 1311 1292 cupiebat,

281 1310 341 1372 sed
362 1329 437 1372 cum
459 1308 590 1371 'rhemis
611 1309 644 1370 in
665 1309 807 1371 concilio
831 1308 967 1372 deorum
991 1311 1190 1392 aperuisset,
1228 1333 1310 1375 esse
1341 1263 1343 1350 Ι

281 1413 316 1474 in
336 1414 427 1493 fatis,
449 1426 486 1475 ut
508 1414 563 1498 qui
585 1433 625 1475 ex
647 1433 684 1476 ea
705 1424 899 1478 nasceretur
919 1413 1004 1476 filius
1021 1423 1118 1496 patre
1140 1417 1309 1498 superior

284 1519 450 1599 existeret,
473 1519 530 1600 (cf.
544 1518 637 1580 Pind.
659 1517 772 1584 Isthm.
785 1497 882 1596 'Vnt
904 1519 927 1580 1.
947 1519 996 1600 1.),
1018 1517 1107 1603 quod
1122 1520 1305 1582 oraculum

282 1626 337 1688 alii
357 1624 557 1690 Prometheo
580 1625 745 1704 tribuunt,
772 1623 923 1706 Aeschyl.
945 1626 1055 1690 Prom.
1080 1624 1153 1709 906.
1179 1624 1304 1716 Quint.
1342 1635 1343 1674 Ι

283 1729 350 1790 Sm.
371 1729 412 1805 V,
433 1727 504 1791 388.
525 1725 634 1788 Schol.
657 1727 695 1790 11.
717 1751 749 1800 a,
770 1728 847 1813 519,
875 1725 1001 1788 destitit
1029 1725 1069 1789 ab
1098 1728 1239 1808 incepto
1264 1738 1299 1790 et

284 1831 358 1894 data
380 1841 431 1893 est
458 1853 542 1893 nxor
562 1832 674 1902 Peleo.
713 1829 780 1893 Alii
814 1849 947 1914 qnoque
969 1828 1136 1906 dixerant,
1168 1831 1298 1909 lovem,

283 1939 374 2026 quod
393 1939 493 2022 ipsius
516 1938 713 2008 connubium
726 1935 840 2000 Thetis
859 1935 949 1998 ferre
970 1935 1128 1999 noluisset
1150 1935 1298 1996 enutrita

284 2061 302 2102 a
337 2041 477 2118 lunone,
510 2059 581 2102 eam
612 2037 742 2102 mortali
776 2037 848 2102 viro
866 2035 1001 2099 ‘nubere
1032 2035 1173 2099 iussisse.
1218 2035 1295 2097 Alia

282 2139 427 2202 narratio
448 2138 520 2218 fnit,
543 2138 745 2202 consensisse
768 2155 862 2214 eam,
891 2146 929 2198 nt
955 2155 1039 2198 uxor
1060 2133 1210 2196 mortalis
1231 2135 1294 2197 vin·

282 2240 396 2324 ficret,
421 2251 496 2303 tum
518 2241 670 2320 demum,
703 2259 778 2301 cum
798 2239 860 2322 ipsi
882 2237 1076 2300 fortissimus
1095 2235 1182 2299 filins
1218 2259 1295 2320 pro·

284 2346 396 2406 missus
432 2343 565 2423 fuisset,
597 2343 639 2409 cf.
678 2343 790 2440 Quint.
830 2343 896 2405 Sm.
937 2343 993 2422 ΙΙΙ,
1022 2342 1092 2408 6ι5.
1120 2341 1204 2403 Cum
1230 2342 1286 2402 illa

285 2457 394 2510 sutem
414 2449 621 2526 narratione,
652 2446 781 2530 nuptias
803 2466 857 2508 eas
880 2445 1011 2507 lunonis
1038 2442 1158 2506 auxilio
1185 2444 1288 2505 conci·

285 2549 378 2612 liatas
402 2569 482 2628 esse,
512 2547 734 2631 coniungenda
751 2557 827 2608 sunt
847 2565 931 2630 quae
953 2546 993 2608 dc
1016 2565 1128 2608 earnm
1148 2543 1291 2628 magnifi-

284 2653 391 2715 centia
407 2650 568 2730 dicuntur,
590 2671 702 2712 omnes
718 2650 763 2714 ibi
776 2649 853 2714 deos
866 2651 1007 2716 adfuisse
1023 2657 1058 2711 et
1079 2647 1163 2710 dona
1182 2649 1291 2732 splen-

285 2754 561 2818 didissimaPeleo
576 2751 724 2829 dedisse,
749 2753 785 2818 ΙΙ.
806 2776 839 2826 π,
861 2765 945 2815 extr.
967 2773 997 2833 p,
1024 2749 1099 2830 1953
1122 2771 1150 2827 σ,
1170 2751 1224 2828 823
1245 2763 1286 2826 ψ,

285 2879 361 2942 2773
393 2859 509 2940 Eurip.
532 2847 642 2919 Rhes.¹
656 2859 731 2935 1883
759 2855 869 2920 Schol.
900 2855 994 2916 Pind.
1014 2839 1108 2936 Py'th.
1132 2855 1185 2932 ΙΙΙ,
1207 2850 1290 2934 1673

283 2960 348 3022 huc
380 2981 513 3045 qnoque
533 2959 701 3044 pertinent
735 2977 817 3040 quae
847 2956 888 3019 de
919 2955 1039 3018 indicio
1068 2953 1191 3017 Paridis
1226 2962 1294 3014 tra·

285 3061 425 3140 duntur,
452 3062 485 3122 in
505 3057 594 3122 hisce
617 3062 703 3123 enim
723 3059 844 3142 nuptiis
866 3059 924 3137 lis,
956 3079 1052 3142 quam
1071 3065 1189 3140 postea
1209 3055 1292 3116 iudi·

285 3166 388 3243 cavit,
421 3175 534 3226 exorta
567 3173 625 3226 est.
680 3163 772 3255 Quot
799 3173 908 3226 autem
934 3163 1040 3247 poetis
1070 3161 1204 3245 nuptiae
1236 3181 1288 3224 eae

284 3268 462 3332 carminum
489 3268 658 3330 materiem
688 3267 918 3351 praebuerint,
957 3267 1055 3331 d'ocet
1075 3266 1222 3348 Heynius
1252 3266 1292 3326 ad
1338 3269 1339 3322 l

259 3371 439 3456 ΙΑΡοΙΙοΙΙ.
466 3394 538 3456 pag.
567 3373 637 3437 313.
658 3371 701 3435 of.
721 3374 804 3434 Luc.
824 3373 866 3433 D.
894 3394 972 3436 mar.
1002 3374 1032 3438 5.
1075 3373 1290 3433 Recentiores
1338 3393 1339 3426 l

286 3491 436 3540 auctores
459 3485 561 3538 totam
584 3497 654 3537 rem
675 3486 712 3536 ut
734 3475 914 3537 fabulosum
935 3471 1148 3557 interpretari
1180 3476 1289 3536 conati
1338 3455 1339 3545 Ι

283 3593 370 3658 sunt,
393 3579 540 3642 Chironis
562 3580 661 3644 filiam
671 3580 793 3644 Thetin
812 3581 930 3665 fuisse3
951 3583 1035 3646 hanc
1056 3603 1074 3643 a
1095 3581 1187 3652 laetis
1210 3603 1289 3644 con·
1336 3607 1338 3678 Ι

283 3685 367 3750 vivis
387 3685 474 3772 inter
495 3685 609 3767 epulas
630 3685 722 3748 deam
745 3699 938 3771 patremque
967 3689 1036 3750 eius
1058 3690 1165 3749 Nerea
1191 3706 1293 3750 voca·

284 3799 355 3848 tum
377 3806 458 3864 esse,
481 3796 675 3870 ceterosque
697 3788 754 3871 qui
775 3786 910 3851 aderant
931 3788 1066 3853 deorum
1089 3787 1289 3873 dearumque

284 3909 445 3971 personas
465 3889 553 3950 inter
573 3908 608 3952 se
631 3887 787 3968 divisisse,
810 3889 895 3952 unde
918 3900 991 3952 orta
1010 3901 1097 3952 essct
1115 3888 1224 3952 fabula
1245 3889 1289 3952 de

246 4016 251 4022 ·
284 3989 379 4052 Pelei
398 3987 561 4052 connubio
583 4010 657 4050 cnm
671 3990 812 4052 Nereide
834 3989 931 4054 Theti
951 4005 985 4054 et
1005 3992 1046 4054 de
1062 3991 1196 4055 deorum
1209 4010 1289 4053 eon-

285 4101 398 4170 ventn.
425 4091 480 4154 Sic
500 4089 613 4174 Dictys
637 4093 700 4189 VI,
715 4107 753 4176 73
775 4091 818 4162 cf.
843 4090 953 4158 Sobel.
974 4091 1286 4177 Apollon.Rh.1V‚
