2722 4776
501 387 703 450 ...fil-

83 576 208 650 captus
230 562 382 645 regiones
402 560 592 643 peregrinas
614 553 759 636 visendi3
780 555 867 617 Dict.
890 551 946 630 lll,
968 549 1024 633 πός
1046 561 1101 614 aut

82 667 250 752 profugus
281 689 298 728 e
330 665 454 752 patria,
485 661 560 749 quia
582 660 761 724 Antheum·
780 656 960 728 Antenoris,
985 653 1098 732 lilium,

85 793 193 858 quem
213 772 283 854 ipse
306 782 340 833 et
360 765 550 850 Deiphobus
571 765 719 840 amabat,
752 762 939 846 imprudens
961 762 1101 826 interfe-

85 877 209 951 cisset3
232 877 345 933 Teate.
367 868 406 929 ad
426 872 503 950 Lyc.
529 866 594 930 132.
639 864 708 926 alia
742 875 850 925 autem
884 863 1000 925 eodem
1025 865 1099 928 loco

88 979 237 1038 Tzetzea
265 983 389 1050 namet,
424 981 554 1032 secutus
582 965 690 1031 Schol.
724 965 764 1028 ad
792 967 829 1028 ll.
853 990 878 1046 s,
908 967 964 1046 643
991 967 1102 1030 sabula

86 1084 177 1147 haec
198 1093 264 1142 est:
277 1081 279 1090 ’
291 1078 466 1154 Menelaus,
487 1096 561 1137 cum
582 1075 686 1156 Argos
707 1075 894 1156 pestilentia
917 1087 1100 1150 vexaretur,

89 1185 240 1260 oraculo,
261 1191 300 1243 ut
321 1186 525 1243 Teucrorum
548 1177 606 1239 diis
629 1197 718 1239 sacra
740 1177 875 1254 faceret,
898 1176 1003 1238 iussus
1018 1181 1100 1240 Tro·

85 1295 156 1358 iam
177 1291 285 1370 venit,
317 1288 373 1352 ubi
392 1286 514 1350 Priami
541 1283 683 1367 bospitio
705 1294 861 1367 exceptus
883 1293 942 1350 est.
984 1283 1100 1346 Perfa·

89 1398 157 1461 ctis
180 1415 262 1480 quae
282 1395 436 1457 voluerat
457 1411 530 1454 cum
551 1390 657 1472 Argos
678 1387 814 1465 rediret,
835 1388 958 1450 socium
977 1386 1103 1450 itineris

91 1498 209 1564 babuit
228 1497 338 1577 Parin,
359 1505 395 1558 et
414 1504 556 1577 uterque
577 1493 615 1554 ad
630 1489 827 1575 Delphicum
848 1490 1026 1570 oraculum,
1046 1489 1107 1552 illo

91 1619 132 1670 ut
153 1606 196 1668 de
218 1605 398 1670 liberorum
419 1602 587 1684 progenie,
608 1599 663 1662 bic
685 1611 721 1660 ut
743 1597 783 1659 de
797 1617 897 1662 uxore
913 1595 1011 1658 deum
1026 1615 1103 1656 con-

91 1715 241 1791 suleret,
268 1719 304 1772 et
336 1708 412 1772 inde
438 1710 587 1793 Spartam
623 1707 766 1790 proiecti
798 1713 885 1768 sunt.
932 1703 982 1766 lbi
1008 1703 1102 1765 Paris

92 1819 257 1883 Helenam
272 1813 360 1890 ¹vidit
390 1825 425 1878 et
451 1813 572 1896 rapuit.
617 1814 688 1874 Hae
722 1812 908 1872 narratione
940 1805 975 1870 id
1004 1806 1103 1870 simul

99 1915 359 2002 assequebantur
390 1925 559 1990 auctores,
594 1921 632 1974 ut
651 1911 785 1995 hospitii
800 1910 988 1972 Menelaum
1015 1910 1102 1970 inter

96 2033 133 2083 et
153 2015 376 2082 Alexandrum
397 2033 523 2076 causam
546 2011 705 2097 quandam
727 2012 906 2090 afferrent,
937 2009 1026 2095 quod
1046 2010 1101 2072 alii

99 2118 256 2202 expedire
277 2115 470 2178 curatione
499 2113 721 2194 conabantur,
748 2124 791 2178 ut
823 2113 988 2197 antiquam
1018 2111 1105 2174 iuter

99 2222 260 2286 Troianos
281 2228 316 2282 et
335 2217 479 2282 Achivos
500 2216 672 2280 amicitiam
693 2217 792 2280 fuisse
812 2224 995 2282 narrarent
1008 2215 1105 2280 Serv.

95 2325 137 2388 ad
157 2323 240 2386 Aen.
264 2323 304 2398 X,
325 2305 375 2406 9'1.

183 2422 362 2487 Oraculum
385 2415 534 2482 Troianis
564 2418 676 2480 datum
707 2418 808 2484 fuisse
839 2441 881 2484 ne
908 2418 1104 2502 navigationi

101 2525 285 2600 studerent,
315 2521 502 2584 Hellanicus
526 2521 661 2601 dixerut,
687 2523 797 2586 Schol.
820 2525 857 2587 ll.
880 2547 905 2602 e,
927 2525 976 2595 bb.
997 2523 1040 2586 el.
1062 2525 1105 2590 fr.

110 2631 185 2713 1393
216 2636 249 2687 ct
279 2629 421 2706 interpp.
445 2624 481 2684 ll.
505 2647 530 2702 a,
551 2624 606 2706 oo,
633 2625 723 2709 quod
750 2624 841 2688 Paris
870 2647 936 2688 non
969 2625 1104 2688 curavit.

104 2729 269 2790 Menelaus
290 2738 410 2804 autem,
431 2736 602 2812 postquam
622 2725 741 2810 hospes
763 2726 957 2805 advenerat,
988 2727 1104 2792 abiisse

61 2863 63 2872 ¹
104 2835 244 2910 Cretam,
266 2845 322 2894 aut
345 2853 418 2894 cum
439 2831 608 2896 adveniret
630 2830 770 2894 abfuisse
792 2830 919 2894 dicitur.
948 2833 1014 2894 Res
1035 2851 1104 2894 mo·

103 2955 181 2998 nere
202 2934 353 3011 videtur,
386 2943 424 2996 ut
445 2933 485 2996 de
508 2933 742 2996 Chorizontum
771 2934 960 3018 quaestione
981 2943 1106 3018 agatur,

105 3057 183 3098 num
208 3034 242 3098 vi
277 3045 403 3117 raptam
432 3037 592 3098 Helenam
623 3057 663 3098 an
693 3036 860 3102 volentem
891 3055 965 3098 cum
985 3037 1104 3098 Paride

105 3135 216 3198 abiisse
238 3133 322 3198 dicat
342 3139 528 3214 Homerus;
548 3135 597 3196 illi
617 3135 703 3196 enim
723 3136 864 3199 alterum
884 3139 917 3200 in
938 3136 1038 3198 lliade
1059 3138 1104 3198 al·

103 3251 209 3301 terum
242 3239 275 3300 in
297 3237 437 3322 Odyssea
468 3236 553 3299 tradi
583 3237 750 3319 putabant,
782 3239 892 3303 Schol.
921 3239 957 3304 ll.
979 3241 1011 3320 β,
1031 3237 1105 3306 356.

105 3343 265 3426 Equidem
290 3342 364 3403 illos
391 3351 522 3404 veteres
545 3342 778 3404 Grammaticos
805 3345 995 3426 praecocius
1024 3344 1106 3407 iudi·
1149 3393 1152 3400 .

108 3469 191 3510 casse
213 3449 373 3527 arbitror,
397 3469 436 3510 ex
458 3445 556 3530 ipsius
577 3451 663 3510 enim
683 3450 821 3510 Homeri
843 3449 936 3510 claris
958 3462 992 3512 et
1013 3471 1106 3535 aper-

107 3549 146 3612 tis
166 3551 274 3614 verbis
304 3552 369 3612 tale
399 3549 571 3612 discrimen
599 3551 691 3612 nullo
718 3550 815 3616 modo
847 3554 945 3618 statui
975 3566 1106 3639 potest,

107 3650 195 3714 loeus
218 3651 303 3712 enim
324 3671 407 3712 unus
431 3660 481 3712 est
501 3653 557 3714 ille
577 3651 735 3732 laudatus,
756 3675 821 3740 quo
842 3657 1033 3718 seutentiam
1054 3673 1107 3714 su-

108 3775 153 3814 am
174 3751 388 3836 comprobare
410 3755 575 3832 volebant,
597 3758 740 3840 quinon
773 3756 938 3819 consentit
966 3775 1039 3816 cum
1061 3757 1107 3817 al·

109 3865 174 3916 tero
197 3856 234 3916 ll.
256 3877 286 3936 y,
311 3860 379 3936 174,
399 3855 456 3918 ubi
476 3858 602 3920 Helena
632 3871 801 3942 aequatam
831 3879 866 3921 se
886 3857 1107 3920 Alexandrum

109 3981 174 4026 esse
195 3963 294 4044 dicit,
315 3985 422 4050 neque
444 3987 519 4030 eum
538 3985 637 4029 versu
663 3970 719 4053 ¹39
741 3967 883 4030 eiusdem
903 3967 1106 4052 rhapsodiae,

109 4067 180 4150 quo,
201 4079 239 4132 ut
258 4069 293 4131 in
312 4090 443 4135 murum
464 4069 674 4152 ascenderet,
708 4070 794 4140 unde
816 4081 980 4138 certamen
999 4073 1108 4136 Mene·
