2722 4776
637 405 841 468 ..75-

241 593 393 638 enarrare
419 573 708 657 operaepretium
739 571 898 636 videatur.
939 573 991 634 De
1020 571 1149 634 nomine
1179 571 1256 632 eius

242 677 308 759 legi
327 685 473 758 possunt,
495 693 579 760 quae
598 696 617 737 e
634 673 746 736 Sileno
770 669 852 736 Chio
866 676 1004 736 Tnetzes
1027 672 1067 735 ad
1081 670 1254 756 Lycophr.

240 777 302 858 786
324 789 358 838 et
378 775 486 841 Schol.
508 775 549 838 ad
571 774 635 838 Od.
657 797 688 849 a,
717 787 775 856 213
806 773 864 857 753
898 774 1038 837 Ptolem.
1066 771 1255 854 Hephaest.

242 902 293 964 ap.
315 879 412 943 Phot
432 898 505 963 pag.
528 879 589 952 alls
610 877 765 952 afferunt.
806 883 911 940 Antea
935 881 1072 940 Nanos
1101 873 1257 957 appella-

243 991 294 1045 tus
346 1002 416 1046 esse
471 982 599 1064 (Tecta.
641 979 682 1042 ad
726 979 888 1064 Lycophr.
929 976 1020 1063 satri)
1064 986 1119 1040 aut
1152 975 1257 1037 Utis

242 1081 366 1167 (Heph.
388 1083 409 1145 1.
429 1082 468 1165 l.)
490 1081 628 1165 dicitur3
649 1061 967 1143 Alalcomeneus
989 1095 1168 1161 cognomen
1194 1082 1259 1136 aut

241 1167 364 1246 nomeu
381 1184 448 1246 eius
471 1181 602 1244 exhibet
616 1179 801 1264 Stephanus
813 1182 891 1261 Byz.
907 1199 931 1244 s.
945 1199 975 1242 v.
991 1174 1256 1256 Ἀλαλκομεναῖς

242 1285 318 1368 quia
340 1284 504 1367 expositus
525 1282 570 1344 ibi
598 1281 637 1344 ah
659 1283 809 1345 Anticlea
836 1281 968 1358 fuisset,
996 1290 1033 1341 ut
1062 1281 1161 1339 lstrus
1197 1299 1257 1362 ap,

242 1384 350 1448 Schol.
383 1385 423 1447 ad
449 1385 487 1448 11.
515 1399 554 1464 ψ,
574 1387 640 1468 783,
666 1384 753 1446 dieit.
795 1385 846 1445 De
878 1403 999 1466 genere
1028 1384 1094 1446 cius
1123 1384 1256 1467 triplex

175 1496 180 1510 ‘
242 1495 292 1548 est
320 1485 482 1567 narratio}
518 1506 556 1547 ea
577 1471 660 1568 qdae
682 1486 820 1569 antiquis
842 1485 979 1548 maxime
1009 1485 1145 1569 probata
1176 1506 1256 1548 esse
1274 1511 1291 1526 ·

187 1589 191 1598 ’
240 1589 389 1671 videtur,
411 1601 688 1654 commemoratur·
706 1590 745 1650 ab
766 1590 937 1653 Eustathio
960 1602 994 1655 et
1014 1592 1123 1654 Schol.
1145 1593 1187 1654 ad
1213 1596 1252 1656 ll.

107 1767 126 1786 l
241 1693 273 1774 β,
294 1689 408 1771 6313et
428 1690 610 1772 thagmenta
623 1691 690 1752 eius
704 1700 881 1787 supersunt
898 1691 982 1774 apud
996 1692 1254 1775 Apollodorum.
1336 1766 1342 1781 ι

241 1796 296 1860 Sic
317 1803 425 1856 autem
446 1792 574 1876 generis
596 1793 688 1874 origo
712 1790 924 1872 describitur,
946 1783 1080 1857 ut¹cum
1100 1797 1251 1860 Aeolidis

119 1965 123 1972 ⁴
240 1900 411 1981 iungatur:
439 1897 573 1959 Deionis
604 1894 689 1957 filius
711 1895 873 1978 Cephalus
895 1899 974 1978 fuit,
1007 1921 1112 1983 aquo
1135 1901 1253 1962 Cileus

241 2011 335 2064 natus
357 2002 516 2063 Arcisium
536 2002 673 2064 Laertae
695 2012 839 2084 patrem,
862 2023 957 2066 avum
977 2002 1117 2084 Ulyssis,
1142 2003 1253 2064 lilium

240 2102 363 2165 hahuit.
385 2102 582 2164 Scholiastes
603 2101 644 2162 ad
665 2103 702 2164 ll.
724 2105 755 2184 β,
780 2105 836 2186 173
857 2105 891 2165 iu
913 2123 953 2166 eo
981 2104 1064 2168 hanc
1094 2106 1253 2188 genealo-

241 2202 326 2285 giam
346 2205 504 2282 immutat,
526 2212 563 2263 ut
585 2201 764 2284 Cephalum
780 2204 934 2266 Mercurii
953 2203 1056 2266 lilium
1077 2205 1179 2266 fuisse
1202 2205 1251 2267 di-

242 2315 305 2386 cat,
327 2325 441 2367 errore
461 2313 499 2366 ut
516 2305 647 2368 videtur
671 2305 837 2386 deceptus,
858 2316 1039 2368 maternum
1059 2310 1143 2369 enim
1154 2311 1246 2393 Ulys-

241 2407 284 2469 sis
311 2427 412 2490 genus
442 2407 482 2470 ab
510 2408 658 2470 omnihus
688 2408 728 2469 ad
747 2409 947 2472 Mercurium
974 2412 1131 2478 refertur.
1172 2413 1243 2474 Dis·

241 2512 386 2575 sentiunt
407 2511 516 2575 abhis
540 2512 676 2578 Ovidius
698 2515 775 2576 Met.
796 2515 891 2595 XIII,
923 2520 996 2597 ¹425
1027 2517 1177 2581 Eustath.
1208 2518 1248 2580 ad

242 2612 302 2676 od.
323 2637 357 2689 π,
382 2618 444 2696 118,
478 2615 535 2677 uhi
560 2617 643 2680 Iovis
672 2637 711 2678 ex
732 2618 907 2702 Euryodia·
923 2617 1008 2681 filius
1029 2622 1170 2684 Arcisius
1199 2624 1245 2702 di·

240 2711 338 2779 citum
381 2719 474 2812 Quae
495 2733 605 2782 autem
625 2721 799 2781 muliorum
818 2720 948 2781 nomina
969 2720 1145 2802 leguntur,
1163 2743 1239 2805 poe-

126 2821 133 2842 ⁸
238 2827 402 2880 tarum'et
422 2817 731 2901 mythographorum
752 2840 887 2882 acumen
907 2839 987 2903 prae
1009 2841 1044 2882 se
1063 2819 1181 2902 ferunt,
1202 2843 1242 2884 ea

239 2920 352 3002 itaque
364 2911 509 3001 ¹pristina
531 2911 743 3004 antiquorum*
760 2922 928 3004 epicorum
950 2923 1035 2983 fama
1055 2922 1169 2986 haberi
1187 2945 1247 2985 nc-

241 3021 321 3104 quit.
362 3021 426 3084 Alii
454 3021 678 3110 Apticleam·a
707 3021 844 3105 Sisypho
879 3023 994 3084 furtim
1025 3042 1251 3106 compressam

239 3125 385 3206 Ulyssem
407 3124 587 3207 suscepisse
608 3133 841 3202 narraverunt,
863 3124 904 3186 cl.
927 3124 1020 3186 Serv.
1041 3123 1082 3184 ad
1102 3127 1183 3190 Aen.
1207 3129 1251 3205 11,

237 3249 296 3311 793
329 3230 385 3308 Vl,
420 3229 497 3313 5293
526 3230 609 3311 Hyg.
644 3241 720 3308 2013
754 3229 865 3287 Tecta.
902 3224 943 3285 ad
973 3225 1136 3309 Lycophr.
1161 3223 1249 3311 3443

88 3387 90 3394 ,
121 3372 123 3380 ν
238 3332 388 3398 Eustath.
408 3332 448 3392 ad
460 3332 524 3395 Orl.
545 3335 573 3408 λ,
594 3334 650 3412 843
673 3351 769 3416 quam
787 3319 947 3411 'originem
967 3339 1004 3390 ut
1024 3328 1165 3391 dedecus
1187 3351 1249 3392 ex·

130 3497 134 3522 ³
238 3433 397 3514 proha-'ant
416 3432 520 3514 Ulyssi
547 3431 633 3514 apud
661 3431 822 3512 tragicos3
853 3427 895 3496 cf.
914 3429 1074 3510 'Sophocl
1101 3427 1249 3494 Philoct.

238 3553 270 3610 v,
300 3537 369 3612 417,
399 3544 432 3593 et
454 3532 565 3594 Schol.
586 3531 627 3594 ad
654 3552 728 3593 eum
748 3531 788 3610 l.;
810 3530 970 3612 Heynium
1000 3530 1056 3604 (ad
1077 3530 1185 3612 Apoll.
1206 3551 1246 3612 p.

237 3636 294 3716 57)
315 3635 376 3698 nisi
395 3635 552 3716 temporis
581 3634 665 3696 ratio
692 3634 753 3694 alia
781 3653 833 3695 res
857 3651 1061 3696 commovere
1092 3654 1158 3695 non
1179 3655 1245 3718 po.

140 3811 144 3819 Ι
234 3744 338 3816 terat,
362 3743 401 3798 ut
422 3734 578 3798 confundi
609 3735 689 3797 duos
720 3735 874 3819 Sisyphus
896 3736 1054 3799 Aeoliden
1083 3737 1246 3813 alterum,.

237 3839 376 3900 alterum
399 3835 520 3920 Ulyssis
557 3845 685 3920 patrem
706 3833 912 3922 quereretur.
928 3872 968 3886 ·-
989 3839 1143 3901 Aeolides
1166 3858 1245 3900 cum

235 3950 327 4001 recte
349 3941 476 4023 legatur
495 3941 582 4022 apud
590 3943 679 4023 Virg.
693 3943 775 4004 Aen.
798 3945 853 4023 Vl,
867 3943 938 4027 529,
970 3957 1097 4006 nonest
1118 3929 1158 4004 de
1178 3943 1241 4006 elia

99 4079 103 4097 1
235 4036 371 4129 quadam
404 4052 539 4126 praeter
572 4051 835 4112 commemoratas
849 4094 852 4098 .
866 4047 974 4112 fabula
1010 4049 1236 4134 cogitandum:
