2722 4776
234 414 277 474 Vl

331 587 541 666 Molestum
565 607 695 665 alitem
722 607 761 665 et
785 589 1084 695 vituperandum
1119 592 1236 668 vide-

135 725 137 732 ’
233 713 339 787 bitur
363 712 562 788 iudicibus
589 715 732 788 severis
751 717 933 788 orationis
953 738 1074 815 genus
1090 717 1238 793 varium

233 835 381 909 fluxum
407 853 446 910 et
469 839 714 930 inconstans,
760 839 854 938 quin
878 838 969 911 hinc
1006 834 1099 909 inde
1123 834 1235 910 haud

236 956 326 1030 satis
353 959 544 1052 Latinum,
572 958 687 1058 quale
714 975 772 1032 est
796 961 836 1032 in
859 957 938 1034 hoc
963 956 1123 1034 libello:
1152 960 1234 1032 eius

199 1082 291 1182 xrei
317 1083 467 1156 veniam
492 1082 585 1154 mihi
628 1081 799 1177 dabunt,
839 1085 1062 1185 quicunque
1089 1087 1236 1188 cogita-

235 1205 376 1295 verint,
408 1228 430 1274 e
458 1229 572 1303 quam
598 1204 710 1278 variis
723 1204 868 1277 Latinis
894 1221 933 1310 et
949 1205 1107 1277 Graecis
1133 1206 1231 1278 scri-

234 1330 414 1432 ptoribus
452 1329 608 1406 fabulae
650 1357 719 1405 eae
759 1356 893 1407 omnes
938 1330 1224 1431 conquirendae

234 1450 400 1546 fuerint,
430 1479 622 1556 quamque
648 1453 806 1558 ‚difficile
833 1457 902 1549 sit,
930 1456 968 1527 in
994 1454 1062 1527 tali
1088 1482 1234 1556 conge-

234 1575 291 1645 rie
316 1589 494 1674 constans
521 1572 667 1648 clarum
693 1590 733 1649 et
751 1601 842 1648 vere
854 1577 1031 1648 Latinum
1056 1577 1234 1648 scriben-

236 1691 277 1765 di
314 1720 433 1794 genus
475 1713 652 1782 accurate
692 1721 872 1790 servare3
921 1693 1104 1797 equidem
1140 1693 1235 1768 licet

234 1819 400 1894 maximo
427 1818 604 1895 adhibito
631 1819 790 1912 labore,
829 1817 923 1892 licet
947 1821 1081 1892 sexies
1099 1833 1138 1927 et
1164 1841 1233 1890 se·-

233 1940 334 2042 plies
359 1939 492 2014 locum
518 1939 689 2015 eundem
712 1955 994 2033 retractassem,
1021 1955 1150 2014 tamen
1165 1931 1234 2013 su·-⁴

232 2082 391 2160 peresse
423 2057 629 2164 videbam,
669 2084 768 2159 quae
807 2061 918 2134 aliter
946 2055 1049 2131 dicta
1072 2055 1228 2132 vellem.

308 2180 343 2253 N
347 2206 399 2254 on
412 2206 572 2284 possum
588 2206 667 2254 non
683 2181 810 2252 animo
832 2179 1118 2274 obsecundare,
1137 2181 1229 2278 quin

232 2297 427 2376 hocloco
454 2303 590 2404 gratias
629 2327 738 2402 agam
776 2327 891 2402 quam
921 2303 1099 2374 maximas
1130 2289 1227 2372 'viris

235 2421 479 2517 clarissimis,
525 2450 546 2496 e
590 2448 758 2526 quorum
801 2418 1005 2527 disciplina
1049 2419 1229 2526 prodisse

234 2546 408 2649 glorior,
455 2571 623 2648 quorum
664 2543 865 2619 beneficiis
902 2543 941 2615 in
984 2539 1229 2618 absolvendo

232 2666 450 2743 studiorum
480 2667 796 2773 academicorum
832 2663 1027 2738 curriculo
1048 2691 1109 2736 me
1146 2688 1232 2736 sus-

232 2807 420 2864 tentatum
448 2815 530 2863 esse
547 2786 765 2891 ¹profiteor,
799 2784 1228 2874 HEINR1CH10,BRAN-

234 2899 586 3006 urs10,'Nauu10‚
614 2908 873 2998 Wnnmmo,
902 2899 1123 2976 academiae
1142 2906 1227 2976 Βο-

232 3035 400 3108 russicae
420 3031 626 3106 erenanae
652 3024 888 3108 luminibus3
915 3023 1061 3094 utinam
1077 3020 1223 3095 haecce

234 3152 393 3260 oppella
416 3177 495 3228 non
519 3171 677 3254 prorsus
705 3145 769 3215 Iis
797 3141 1016 3246 displiceat,
1053 3169 1103 3220 ne
1126 3141 1226 3216 indi-¹

232 3303 328 3382 gnus
360 3279 555 3350 Eorum
601 3265 799 3342 doetrinae
837 3263 1013 3339 alumnus
1060 3263 1219 3359 habear,
1278 3321 1280 3326 .

234 3404 461 3495 Quorum
493 3390 679 3498 ¹exemplu
718 3392 871 3494 egregia
915 3415 1068 3496 semper
1112 3391 1223 3493 sequi

232 3519 415 3596 studebo·

353 3655 579 3750 Scribebnm
606 3652 790 3728 Coloniae
816 3650 952 3726 Idibus
976 3649 1143 3755 Aprilis

577 3777 868 3853 MDCCCXXX.

617 3980 836 4004 Μ
