2626 4768
643 435 699 481 ..⁹
727 403 786 504 124
807 400 866 448 ·..

258 575 301 638 tis
321 582 482 641 retentam
504 593 585 637 esse.
627 571 760 635 Troiani
778 571 878 654 igitur
898 570 993 640 sociis
1020 570 1091 654 his,
1127 593 1294 656 quamn

258 676 419 740 fortitudo
455 677 541 738 clare
560 674 741 738 habebatur
771 695 833 759 per
864 675 1087 760 antiquitatem
1111 678 1294 758 (Pausan.

258 783 283 858 1,
308 780 354 858 15,
377 787 427 858 a),
457 777 568 840 confisi
595 797 735 860 pugnam
769 784 881 838 contra
917 778 1060 840 Graecos
1095 782 1292 843 commise-

259 893 345 944 runt.
367 883 480 965 Dictys
508 883 530 944 l.
551 882 591 966 l,
622 886 760 944 Tzetzcs
794 881 907 945 Posth.
937 883 977 944 82
1006 902 1096 965 sqq,
1131 885 1289 948 Ioannes

257 982 388 1046 Malelas
410 1003 484 1066 pag.
510 979 566 1045 160
587 984 688 1044 aciem
709 983 753 1045 ita
775 973 973 1062 describunt,
995 989 1033 1042 nt
1046 984 1288 1046 Troianorum

258 1088 440 1148 exercitum
461 1085 638 1148 secundum
666 1107 831 1148 armorum
857 1104 977 1170 genera
1005 1085 1038 1148 in
1067 1086 1299 1167 sagittarios‚l

259 1194 386 1279 equites
409 1207 442 1256 et
462 1193 589 1276 pedites
612 1193 748 1258 diuisum
775 1191 1019 1272 immodicam,
1046 1193 1169 1278 quihus
1200 1215 1282 1255 con-

221 1345 226 1356 .
256 1309 310 1358 tra
340 1317 502 1382 quamque
534 1305 662 1381 partem
684 1299 802 1361 Graeci
832 1308 926 1382 aptos
960 1298 1058 1360 duces
1092 1301 1279 1382 opposuis-

258 1411 347 1478 sent,
383 1385 440 1484 qui
466 1401 584 1484 singuli
616 1423 691 1463 suos
722 1401 838 1464 eodem
859 1401 956 1464 modo
985 1411 1126 1464 armatos
1163 1385 1299 1464 duxis-¹

257 1515 347 1588 sent3
369 1505 410 1566 cf.
432 1504 586 1566 Philostr.
608 1507 690 1567 Her.
710 1525 742 1586 p.
762 1523 834 1586 727.
874 1506 981 1566 Atrox
1003 1503 1119 1565 deinde
1145 1506 1271 1586 proeli·

257 1630 313 1670 um
334 1607 477 1688 factum,
512 1629 573 1690 per
595 1621 735 1691 quatuor
755 1607 828 1670 dies·
844 1611 983 1670 Taetzes
1005 1612 1049 1669 ait
1067 1607 1191 1670 Posth.
1217 1613 1263 1678 nd

257 1736 314 1803 sq3
343 1718 377 1778 in
399 1739 463 1801 quo
485 1717 625 1798 primum
647 1717 778 1798 reginae
800 1717 923 1798 sagittis
943 1716 1038 1777 multi
1060 1717 1269 1798 Graecorum

257 1818 461 1895 ceciderunt,
494 1816 597 1878 donec
617 1817 701 1878 Aiax
730 1825 765 1879 et
787 1817 951 1897 Achilles,
986 1838 1067 1900 quos
1089 1817 1194 1882 initio
1213 1841 1270 1903 pu·

257 1937 338 2000 gnae
371 1919 520 2000 lugentes
551 1915 591 1977 ad
619 1916 749 1978 bustum
771 1915 1122 2004 Patroclioonsedisse
1147 1931 1187 1982 et
1210 1923 1270 1982 cla·

257 2040 350 2085 more
378 2020 507 2082 demum
535 2021 748 2102 pugnantium
779 2022 933 2083 excitatos
964 2041 1034 2084 esse
1061 2023 1095 2083 in
1121 2044 1267 2106 pugnam

259 2123 399 2219 Quintus
434 2123 549 2202 tradit,
578 2125 846 2206 supervenientes
880 2125 990 2188 hostes
1022 2126 1194 2207 pellerent
1239 2142 1263 2189 et

177 2303 181 2311 ²
256 2219 402 2290 Achilles
435 2229 579 2312 reginam
608 2228 709 2307 ipsam
744 2249 783 2288 cx
805 2246 890 2308 equo
912 2226 1117 2288 deturbatam
1138 2227 1265 2292 interii·

258 2343 359 2392 cenet.
399 2313 573 2413 Fugientes
601 2343 671 2392 tum
692 2330 851 2392 Troianos
881 2331 1013 2415 sequuti
1034 2332 1151 2394 Graeci
1185 2336 1263 2397 mul·

257 2446 309 2495 tos
331 2443 541 2509 necaverunt,
562 2432 751 2496 mulieribus
773 2441 881 2494 tamen
902 2445 1041 2514 propter
1063 2451 1176 2495 sexum
1190 2457 1259 2519 par-

258 2549 385 2614 centes,
412 2544 451 2597 nt
470 2535 583 2617 Dictys
615 2535 669 2598 ait.
709 2535 917 2598 Ptolemaeus
938 2533 1163 2618 Hephaestion
1196 2546 1258 2622 (ap.

256 2640 353 2703 Phot.
375 2661 408 2721 p.
430 2639 504 2721 251)
527 2639 641 2719 tradit,
670 2637 832 2700 Achillem
852 2639 992 2722 primum
1014 2659 1032 2698 a
1051 2638 1252 2702 Penthesilea

258 2744 400 2805 occisum
432 2741 548 2804 deinde
575 2742 685 2803 matris
713 2739 864 2823 precibus
892 2741 925 2800 in
945 2741 1046 2803 vitam
1068 2751 1245 2804 revocatum

148 2899 157 2920 ,
255 2845 358 2925 ipsam
388 2841 543 2904 occidisse
553 2863 563 2920 3
595 2840 637 2902 cf.
667 2843 777 2904 Telles
811 2863 862 2924 ap.
891 2840 1043 2904 Eustatht
1072 2842 1128 2912 ad,
1147 2844 1254 2924 Oct,

256 2948 316 3011 538
336 2967 408 3030 pag.
431 2947 491 3016 430
511 2947 600 3031 Lips.
623 2945 772 3008 Occisum
793 2945 938 3028 reginam
958 2947 1143 3030 petentibus
1165 2950 1253 3010 'I'roi-

257 3051 325 3111 anis
358 3047 519 3112 redditam
552 3061 585 3111 et
617 3047 796 3112 honorilice
827 3052 988 3135 sepultam
1023 3073 1093 3114 esse
1126 3066 1253 3115 narrant

256 3155 407 3238 plerique
428 3163 465 3214 nt
488 3153 639 3249 Quintus,
660 3153 772 3236 Dictys
794 3147 912 3232 autem,
935 3157 1008 3214 cum
1028 3153 1163 3216 formam
1184 3158 1252 3219 eins

196 3280 201 3290 ¹
257 3255 472 3317 admiraretur
484 3254 626 3316 Achilles
649 3266 682 3316 et
702 3257 844 3337 sepelire
867 3277 936 3318 eam
958 3271 1103 3339 cuperet,
1124 3258 1251 3322 Diome·

257 3357 330 3419 dem
345 3359 476 3418 Graecis
494 3367 661 3420 auctorem
682 3361 827 3423 extitisse
849 3360 936 3440 dicit,
958 3371 996 3422 nt
1017 3361 1251 3424 semimortuam

256 3462 290 3521 iu
316 3457 438 3520 sssumen
458 3461 674 3542 proiicereut,
708 3461 806 3548 idque
835 3464 953 3524 ceteris
982 3463 1148 3545 placuisse.
1188 3467 1251 3526 Alii

254 3563 415 3625 Achillem
436 3565 512 3625 talia
534 3567 878 3648 agentemaThersite
900 3569 1102 3630 contumeliis
1125 3577 1156 3631 et
1176 3588 1250 3630 eon·

190 3697 191 3708 ¹
255 3668 345 3731 viciis
372 3668 513 3751 petitum
544 3688 614 3736 esse
650 3681 683 3730 et
711 3670 862 3734 iuvenem
894 3671 1012 3733 iratum
1038 3671 1249 3758 importunum
1298 3747 1299 3750 Ἴ

256 3782 422 3834 oratorem
455 3790 564 3854 pugno
587 3773 741 3836 occidi-sse
763 3787 912 3858 narrant,
944 3778 991 3838 sic
1013 3777 1150 3870 Quintus
1170 3778 1192 3856 I,
1211 3799 1245 3841 v.

254 3880 312 3956 741
336 3895 413 3957 sqq,
440 3875 625 3936 Thersiten
651 3876 731 3938 adeo
754 3879 866 3940 oculos
887 3891 1037 3944 mortuae
1057 3881 1179 3964 cepnae
1198 3882 1245 3944 cf·

253 3977 376 4042 fodisse
398 3983 537 4045 Tzetzes
558 3978 599 4047 ad
617 3983 694 4064 Lyc.
716 4001 776 4068 999
804 3981 891 4046 dicit.
