<?xml version="1.0" encoding="UTF-8"?>
<!DOCTYPE html PUBLIC "-//W3C//DTD XHTML 1.0 Transitional//EN"
    "http://www.w3.org/TR/xhtml1/DTD/xhtml1-transitional.dtd">
<html xmlns="http://www.w3.org/1999/xhtml" xml:lang="en" lang="en">
 <head>
  <title>
</title>
<meta http-equiv="Content-Type" content="text/html;charset=utf-8" />
  <meta name='ocr-system' content='tesseract 3.04.00' />
  <meta name='ocr-capabilities' content='ocr_page ocr_carea ocr_par ocr_line ocrx_word'/>
</head>
<body>
  <div class='ocr_page' id='page_1' title='image "./devarietatefabu00fuchgoog_0123.png"; bbox 0 0 2626 4768; ppageno 0'>
   <div class='ocr_carea' id='block_1_1' title="bbox 628 343 851 408">
    <p class='ocr_par' dir='ltr' id='par_1_1' title="bbox 628 343 851 408">
     <span class='ocr_line' id='line_1_1' title="bbox 628 343 851 408; baseline 0 0"><span class='ocrx_word' id='word_1_1' title='bbox 628 343 851 408; x_wconf 74' lang='lat'><strong>—120-</strong></span> 
     </span>
    </p>
   </div>
   <div class='ocr_carea' id='block_1_2' title="bbox 211 499 1298 4016">
    <p class='ocr_par' dir='ltr' id='par_1_2' title="bbox 237 499 1298 3394">
     <span class='ocr_line' id='line_1_2' title="bbox 239 499 1284 599; baseline -0.008 -15"><span class='ocrx_word' id='word_1_2' title='bbox 239 537 336 584; x_wconf 87' lang='lat' dir='ltr'><strong>omno</strong></span> <span class='ocrx_word' id='word_1_3' title='bbox 361 499 488 580; x_wconf 88' lang='lat' dir='ltr'><strong>hellum</strong></span> <span class='ocrx_word' id='word_1_4' title='bbox 516 515 701 579; x_wconf 68' lang='lat' dir='ltr'><strong>soluturum</strong></span> <span class='ocrx_word' id='word_1_5' title='bbox 720 514 955 599; x_wconf 67' lang='lat' dir='ltr'>pollicebatur,</span> <span class='ocrx_word' id='word_1_6' title='bbox 974 515 1108 580; x_wconf 85' lang='lat' dir='ltr'><strong>Hector</strong></span> <span class='ocrx_word' id='word_1_7' title='bbox 1130 522 1284 594; x_wconf 67' lang='lat' dir='ltr'><strong>anoem,</strong></span> 
     </span>
     <span class='ocr_line' id='line_1_3' title="bbox 237 622 1283 706; baseline -0.004 -18"><span class='ocrx_word' id='word_1_8' title='bbox 237 637 276 689; x_wconf 92' lang='lat' dir='ltr'><strong>nt</strong></span> <span class='ocrx_word' id='word_1_9' title='bbox 296 624 427 688; x_wconf 72' lang='lat' dir='ltr'><strong>Atridas</strong></span> <span class='ocrx_word' id='word_1_10' title='bbox 448 633 483 686; x_wconf 88' lang='lat' dir='ltr'><strong>ct</strong></span> <span class='ocrx_word' id='word_1_11' title='bbox 503 625 637 686; x_wconf 88' lang='lat' dir='ltr'><strong>Aiacem</strong></span> <span class='ocrx_word' id='word_1_12' title='bbox 656 622 861 686; x_wconf 78' lang='lat' dir='ltr'><strong>interficeret</strong></span> <span class='ocrx_word' id='word_1_13' title='bbox 878 623 1080 706; x_wconf 51' lang='lat' dir='ltr'><strong>postulabam</strong></span> <span class='ocrx_word' id='word_1_14' title='bbox 1109 625 1283 688; x_wconf 76' lang='lat' dir='ltr'><strong>Servius</strong></span> 
     </span>
     <span class='ocr_line' id='line_1_4' title="bbox 239 723 1281 805; baseline -0.005 -16"><span class='ocrx_word' id='word_1_15' title='bbox 239 726 282 790; x_wconf 87' lang='lat' dir='ltr'><strong>ad</strong></span> <span class='ocrx_word' id='word_1_16' title='bbox 299 727 383 788; x_wconf 88' lang='lat' dir='ltr'><strong>Aen.</strong></span> <span class='ocrx_word' id='word_1_17' title='bbox 406 726 460 804; x_wconf 84' lang='lat' dir='ltr'><strong>Ill,</strong></span> <span class='ocrx_word' id='word_1_18' title='bbox 480 725 540 790; x_wconf 73' lang='lat'><strong>322</strong></span> <span class='ocrx_word' id='word_1_19' title='bbox 562 736 693 805; x_wconf 87' lang='lat' dir='ltr'><strong>narrat,</strong></span> <span class='ocrx_word' id='word_1_20' title='bbox 717 723 898 804; x_wconf 79' lang='lat' dir='ltr'><strong>Achillem,</strong></span> <span class='ocrx_word' id='word_1_21' title='bbox 925 745 1001 786; x_wconf 89' lang='lat' dir='ltr'><strong>cnm</strong></span> <span class='ocrx_word' id='word_1_22' title='bbox 1027 725 1119 787; x_wconf 89' lang='lat' dir='ltr'><strong>circa</strong></span> <span class='ocrx_word' id='word_1_23' title='bbox 1140 745 1281 786; x_wconf 77' lang='lat' dir='ltr'><strong>murce</strong></span> 
     </span>
     <span class='ocr_line' id='line_1_5' title="bbox 238 825 1298 910; baseline -0.001 -21"><span class='ocrx_word' id='word_1_24' title='bbox 238 827 359 889; x_wconf 86' lang='lat' dir='ltr'><strong>&#39;Proiae</strong></span> <span class='ocrx_word' id='word_1_25' title='bbox 370 826 496 888; x_wconf 87' lang='lat' dir='ltr'><strong>bellum</strong></span> <span class='ocrx_word' id='word_1_26' title='bbox 508 835 652 910; x_wconf 74' lang='lat' dir='ltr'><strong>gereret,</strong></span> <span class='ocrx_word' id='word_1_27' title='bbox 672 825 833 908; x_wconf 76' lang='lat' dir='ltr'><strong>virginem</strong></span> <span class='ocrx_word' id='word_1_28' title='bbox 852 825 955 888; x_wconf 75' lang='lat' dir='ltr'><strong>vinam</strong></span> <span class='ocrx_word' id='word_1_29' title='bbox 974 825 1062 889; x_wconf 85' lang='lat' dir='ltr'><strong>forte</strong></span> <span class='ocrx_word' id='word_1_30' title='bbox 1082 827 1298 888; x_wconf 77' lang='lat' dir='ltr'><strong>adamasse</strong></span> 
     </span>
     <span class='ocr_line' id='line_1_6' title="bbox 242 933 1279 1018; baseline 0.002 -26"><span class='ocrx_word' id='word_1_31' title='bbox 242 944 277 994; x_wconf 91' lang='lat' dir='ltr'><strong>et</strong></span> <span class='ocrx_word' id='word_1_32' title='bbox 309 933 496 998; x_wconf 87' lang='lat' dir='ltr'><strong>conditione</strong></span> <span class='ocrx_word' id='word_1_33' title='bbox 522 935 611 1018; x_wconf 80' lang='lat' dir='ltr'>pacis</span> <span class='ocrx_word' id='word_1_34' title='bbox 642 933 676 994; x_wconf 93' lang='lat' dir='ltr'><strong>in</strong></span> <span class='ocrx_word' id='word_1_35' title='bbox 703 933 947 995; x_wconf 79' lang='lat' dir='ltr'><strong>matrimonium</strong></span> <span class='ocrx_word' id='word_1_36' title='bbox 966 935 1181 1017; x_wconf 73' lang='lat' dir='ltr'><strong>postulasse3</strong></span> <span class='ocrx_word' id='word_1_37' title='bbox 1218 935 1279 994; x_wconf 84' lang='lat' dir='ltr'><strong>alii</strong></span> 
     </span>
     <span class='ocr_line' id='line_1_7' title="bbox 242 1039 1278 1122; baseline 0 -22"><span class='ocrx_word' id='word_1_38' title='bbox 242 1050 351 1102; x_wconf 83' lang='lat' dir='ltr'><strong>autem</strong></span> <span class='ocrx_word' id='word_1_39' title='bbox 372 1041 535 1104; x_wconf 78' lang='lat' dir='ltr'><strong>Achillem</strong></span> <span class='ocrx_word' id='word_1_40' title='bbox 557 1061 644 1118; x_wconf 85' lang='lat' dir='ltr'><strong>earn,</strong></span> <span class='ocrx_word' id='word_1_41' title='bbox 679 1060 753 1101; x_wconf 90' lang='lat' dir='ltr'><strong>cum</strong></span> <span class='ocrx_word' id='word_1_42' title='bbox 786 1061 850 1102; x_wconf 84' lang='lat' dir='ltr'><strong>una</strong></span> <span class='ocrx_word' id='word_1_43' title='bbox 877 1061 950 1101; x_wconf 91' lang='lat' dir='ltr'><strong>cnm</strong></span> <span class='ocrx_word' id='word_1_44' title='bbox 978 1053 1072 1122; x_wconf 89' lang='lat' dir='ltr'><strong>patre</strong></span> <span class='ocrx_word' id='word_1_45' title='bbox 1102 1040 1152 1102; x_wconf 84' lang='lat' dir='ltr'><strong>ad</strong></span> <span class='ocrx_word' id='word_1_46' title='bbox 1175 1039 1278 1101; x_wconf 86' lang='lat' dir='ltr'><strong>redi-</strong></span> 
     </span>
     <span class='ocr_line' id='line_1_8' title="bbox 240 1142 1274 1228; baseline 0.001 -24"><span class='ocrx_word' id='word_1_47' title='bbox 240 1142 395 1205; x_wconf 87' lang='lat' dir='ltr'><strong>mendum</strong></span> <span class='ocrx_word' id='word_1_48' title='bbox 423 1145 601 1207; x_wconf 82' lang='lat' dir='ltr'><strong>Hectorem</strong></span> <span class='ocrx_word' id='word_1_49' title='bbox 627 1145 789 1224; x_wconf 71' lang='lat' dir='ltr'><strong>venisset,</strong></span> <span class='ocrx_word' id='word_1_50' title='bbox 819 1145 927 1228; x_wconf 89' lang='lat' dir='ltr'><strong>primo</strong></span> <span class='ocrx_word' id='word_1_51' title='bbox 958 1145 1076 1208; x_wconf 78' lang='lat' dir='ltr'><strong>vidisse</strong></span> <span class='ocrx_word' id='word_1_52' title='bbox 1110 1157 1153 1206; x_wconf 86' lang='lat' dir='ltr'><strong>et</strong></span> <span class='ocrx_word' id='word_1_53' title='bbox 1192 1144 1274 1205; x_wconf 81' lang='lat' dir='ltr'><strong>ada·</strong></span> 
     </span>
     <span class='ocr_line' id='line_1_9' title="bbox 242 1247 1273 1331; baseline 0.003 -24"><span class='ocrx_word' id='word_1_54' title='bbox 242 1267 349 1310; x_wconf 77' lang='lat' dir='ltr'><strong>macac</strong></span> <span class='ocrx_word' id='word_1_55' title='bbox 382 1247 534 1329; x_wconf 84' lang='lat' dir='ltr'><strong>tradunt,</strong></span> <span class='ocrx_word' id='word_1_56' title='bbox 571 1259 611 1312; x_wconf 89' lang='lat' dir='ltr'><strong>nt</strong></span> <span class='ocrx_word' id='word_1_57' title='bbox 643 1249 861 1312; x_wconf 77' lang='lat' dir='ltr'><strong>Philostratus</strong></span> <span class='ocrx_word' id='word_1_58' title='bbox 899 1250 1031 1312; x_wconf 87' lang='lat' dir='ltr'><strong>Heroic.</strong></span> <span class='ocrx_word' id='word_1_59' title='bbox 1062 1267 1142 1330; x_wconf 90' lang='lat' dir='ltr'><strong>pag.</strong></span> <span class='ocrx_word' id='word_1_60' title='bbox 1181 1251 1273 1331; x_wconf 80' lang='lat'>7133</span> 
     </span>
     <span class='ocr_line' id='line_1_10' title="bbox 244 1351 1270 1435; baseline -0.003 -21"><span class='ocrx_word' id='word_1_61' title='bbox 244 1353 357 1414; x_wconf 77' lang='lat' dir='ltr'><strong>&#39;I&#39;zetn</strong></span> <span class='ocrx_word' id='word_1_62' title='bbox 385 1351 427 1412; x_wconf 90' lang='lat' dir='ltr'><strong>ad</strong></span> <span class='ocrx_word' id='word_1_63' title='bbox 451 1355 530 1435; x_wconf 83' lang='lat' dir='ltr'><strong>Lyc.</strong></span> <span class='ocrx_word' id='word_1_64' title='bbox 558 1354 630 1435; x_wconf 77' lang='lat'><strong>7¹³·</strong></span> <span class='ocrx_word' id='word_1_65' title='bbox 671 1353 878 1417; x_wconf 83' lang='lat' dir='ltr'><strong>Automedon</strong></span> <span class='ocrx_word' id='word_1_66' title='bbox 907 1375 981 1416; x_wconf 89' lang='lat' dir='ltr'><strong>cum</strong></span> <span class='ocrx_word' id='word_1_67' title='bbox 1002 1351 1177 1414; x_wconf 79' lang='lat' dir='ltr'><strong>Achillem</strong></span> <span class='ocrx_word' id='word_1_68' title='bbox 1202 1375 1270 1412; x_wconf 85' lang='lat' dir='ltr'><strong>ma-</strong></span> 
     </span>
     <span class='ocr_line' id='line_1_11' title="bbox 243 1452 1267 1538; baseline 0 -25"><span class='ocrx_word' id='word_1_69' title='bbox 243 1452 292 1535; x_wconf 77' lang='lat' dir='ltr'><strong>git</strong></span> <span class='ocrx_word' id='word_1_70' title='bbox 313 1454 489 1538; x_wconf 83' lang='lat' dir='ltr'><strong>magisque</strong></span> <span class='ocrx_word' id='word_1_71' title='bbox 509 1453 660 1520; x_wconf 87' lang='lat' dir='ltr'><strong>afflictari</strong></span> <span class='ocrx_word' id='word_1_72' title='bbox 684 1456 836 1535; x_wconf 82' lang='lat' dir='ltr'><strong>videret,</strong></span> <span class='ocrx_word' id='word_1_73' title='bbox 866 1455 997 1518; x_wconf 83' lang='lat' dir='ltr'><strong>tandem</strong></span> <span class='ocrx_word' id='word_1_74' title='bbox 1018 1455 1110 1516; x_wconf 83' lang='lat' dir='ltr'><strong>Aiaci</strong></span> <span class='ocrx_word' id='word_1_75' title='bbox 1142 1464 1184 1515; x_wconf 86' lang='lat' dir='ltr'><strong>et</strong></span> <span class='ocrx_word' id='word_1_76' title='bbox 1209 1456 1267 1513; x_wconf 87' lang='lat' dir='ltr'><strong>Pa·</strong></span> 
     </span>
     <span class='ocr_line' id='line_1_12' title="bbox 242 1555 1262 1642; baseline -0.001 -25"><span class='ocrx_word' id='word_1_77' title='bbox 242 1556 352 1617; x_wconf 90' lang='lat' dir='ltr'><strong>troclo</strong></span> <span class='ocrx_word' id='word_1_78' title='bbox 379 1577 450 1618; x_wconf 85' lang='lat' dir='ltr'><strong>rem</strong></span> <span class='ocrx_word' id='word_1_79' title='bbox 469 1571 619 1620; x_wconf 86' lang='lat' dir='ltr'><strong>cunctam</strong></span> <span class='ocrx_word' id='word_1_80' title='bbox 644 1560 759 1640; x_wconf 85' lang='lat' dir='ltr'><strong>aperit,</strong></span> <span class='ocrx_word' id='word_1_81' title='bbox 792 1558 848 1642; x_wconf 88' lang='lat' dir='ltr'><strong>qui</strong></span> <span class='ocrx_word' id='word_1_82' title='bbox 869 1555 956 1640; x_wconf 87' lang='lat' dir='ltr'><strong>apud</strong></span> <span class='ocrx_word' id='word_1_83' title='bbox 977 1575 1050 1618; x_wconf 85' lang='lat' dir='ltr'><strong>eum</strong></span> <span class='ocrx_word' id='word_1_84' title='bbox 1073 1575 1262 1618; x_wconf 78' lang='lat' dir='ltr'><strong>commora-</strong></span> 
     </span>
     <span class='ocr_line' id='line_1_13' title="bbox 243 1649 1262 1741; baseline -0.002 -23"><span class='ocrx_word' id='word_1_85' title='bbox 243 1657 363 1718; x_wconf 88' lang='lat' dir='ltr'><strong>hantnr</strong></span> <span class='ocrx_word' id='word_1_86' title='bbox 384 1649 556 1738; x_wconf 80' lang='lat' dir='ltr'><strong>timentes,</strong></span> <span class='ocrx_word' id='word_1_87' title='bbox 577 1679 619 1720; x_wconf 90' lang='lat' dir='ltr'><strong>ne</strong></span> <span class='ocrx_word' id='word_1_88' title='bbox 642 1657 720 1741; x_wconf 89' lang='lat' dir='ltr'><strong>qnid</strong></span> <span class='ocrx_word' id='word_1_89' title='bbox 740 1657 824 1718; x_wconf 85' lang='lat' dir='ltr'><strong>male</strong></span> <span class='ocrx_word' id='word_1_90' title='bbox 846 1654 998 1740; x_wconf 81' lang='lat' dir='ltr'><strong>auderet3</strong></span> <span class='ocrx_word' id='word_1_91' title='bbox 1026 1655 1085 1716; x_wconf 83' lang='lat' dir='ltr'><strong>sed</strong></span> <span class='ocrx_word' id='word_1_92' title='bbox 1105 1655 1262 1716; x_wconf 83' lang='lat' dir='ltr'><strong>Achilles</strong></span> 
     </span>
     <span class='ocr_line' id='line_1_14' title="bbox 244 1757 1260 1843; baseline 0 -25"><span class='ocrx_word' id='word_1_93' title='bbox 244 1758 436 1820; x_wconf 83' lang='lat' dir='ltr'><strong>recordatur</strong></span> <span class='ocrx_word' id='word_1_94' title='bbox 458 1762 517 1840; x_wconf 78' lang='lat' dir='ltr'><strong>ani,</strong></span> <span class='ocrx_word' id='word_1_95' title='bbox 539 1762 816 1843; x_wconf 86' lang='lat' dir='ltr'><strong>Agamemnonem</strong></span> <span class='ocrx_word' id='word_1_96' title='bbox 838 1769 1033 1843; x_wconf 76' lang='lat' dir='ltr'><strong>ceterosque</strong></span> <span class='ocrx_word' id='word_1_97' title='bbox 1053 1757 1161 1819; x_wconf 81' lang='lat' dir='ltr'><strong>duceo</strong></span> <span class='ocrx_word' id='word_1_98' title='bbox 1186 1778 1260 1820; x_wconf 90' lang='lat' dir='ltr'><strong>con·</strong></span> 
     </span>
     <span class='ocr_line' id='line_1_15' title="bbox 244 1858 1173 1948; baseline 0.002 -24"><span class='ocrx_word' id='word_1_99' title='bbox 244 1873 352 1939; x_wconf 82' lang='lat' dir='ltr'><strong>vocat,</strong></span> <span class='ocrx_word' id='word_1_100' title='bbox 373 1863 477 1948; x_wconf 78' lang='lat' dir='ltr'><strong>iisque</strong></span> <span class='ocrx_word' id='word_1_101' title='bbox 499 1864 595 1934; x_wconf 83' lang='lat' dir='ltr'><strong>animi</strong></span> <span class='ocrx_word' id='word_1_102' title='bbox 615 1861 850 1947; x_wconf 83' lang='lat' dir='ltr'><strong>aegritudinem</strong></span> <span class='ocrx_word' id='word_1_103' title='bbox 871 1862 1010 1946; x_wconf 85' lang='lat' dir='ltr'><strong>ingenue</strong></span> <span class='ocrx_word' id='word_1_104' title='bbox 1032 1858 1173 1926; x_wconf 83' lang='lat' dir='ltr'><strong>effatur.</strong></span> 
     </span>
     <span class='ocr_line' id='line_1_16' title="bbox 326 1965 1298 2064; baseline -0.005 -38"><span class='ocrx_word' id='word_1_105' title='bbox 326 1965 508 2028; x_wconf 77' lang='lat' dir='ltr'><strong>Per&#39;idem</strong></span> <span class='ocrx_word' id='word_1_106' title='bbox 540 1979 667 2050; x_wconf 79' lang='lat' dir='ltr'><strong>tempus</strong></span> <span class='ocrx_word' id='word_1_107' title='bbox 698 1965 919 2042; x_wconf 75' lang='lat' dir='ltr'><strong>emersere,</strong></span> <span class='ocrx_word' id='word_1_108' title='bbox 952 1985 1036 2048; x_wconf 86' lang='lat' dir='ltr'><strong>qnae</strong></span> <span class='ocrx_word' id='word_1_109' title='bbox 1057 1972 1155 2024; x_wconf 83' lang='lat' dir='ltr'><strong>antea</strong></span> <span class='ocrx_word' id='word_1_110' title='bbox 1186 1981 1258 2022; x_wconf 90' lang='lat' dir='ltr'><strong>cum</strong></span> <span class='ocrx_word' id='word_1_111' title='bbox 1297 2037 1298 2064; x_wconf 24' lang='grc'>1</span> 
     </span>
     <span class='ocr_line' id='line_1_17' title="bbox 246 2064 1256 2148; baseline -0.003 -15"><span class='ocrx_word' id='word_1_112' title='bbox 246 2069 396 2133; x_wconf 77' lang='lat' dir='ltr'><strong>Troiania</strong></span> <span class='ocrx_word' id='word_1_113' title='bbox 423 2071 614 2142; x_wconf 88' lang='lat' dir='ltr'><strong>coniunctae</strong></span> <span class='ocrx_word' id='word_1_114' title='bbox 641 2073 774 2134; x_wconf 84' lang='lat' dir='ltr'><strong>fuerant</strong></span> <span class='ocrx_word' id='word_1_115' title='bbox 795 2069 958 2148; x_wconf 83' lang='lat' dir='ltr'><strong>civitates,</strong></span> <span class='ocrx_word' id='word_1_116' title='bbox 993 2067 1033 2128; x_wconf 86' lang='lat' dir='ltr'><strong>ab</strong></span> <span class='ocrx_word' id='word_1_117' title='bbox 1061 2067 1100 2127; x_wconf 87' lang='lat' dir='ltr'><strong>iia</strong></span> <span class='ocrx_word' id='word_1_118' title='bbox 1122 2064 1256 2130; x_wconf 87' lang='lat' dir='ltr'><strong>defece·</strong></span> 
     </span>
     <span class='ocr_line' id='line_1_18' title="bbox 237 2171 1298 2264; baseline 0 -30"><span class='ocrx_word' id='word_1_119' title='bbox 237 2182 321 2264; x_wconf 76' lang='lat' dir='ltr'><strong>¹rant</strong></span> <span class='ocrx_word' id='word_1_120' title='bbox 341 2184 415 2237; x_wconf 83' lang='lat' dir='ltr'><strong>cta</strong></span> <span class='ocrx_word' id='word_1_121' title='bbox 437 2177 570 2240; x_wconf 85' lang='lat' dir='ltr'><strong>Graecia</strong></span> <span class='ocrx_word' id='word_1_122' title='bbox 605 2176 779 2258; x_wconf 86' lang='lat' dir='ltr'><strong>amicitiam</strong></span> <span class='ocrx_word' id='word_1_123' title='bbox 799 2174 967 2258; x_wconf 82' lang='lat' dir='ltr'><strong>petebant.</strong></span> <span class='ocrx_word' id='word_1_124' title='bbox 1008 2171 1143 2233; x_wconf 81' lang='lat' dir='ltr'><strong>Troiani</strong></span> <span class='ocrx_word' id='word_1_125' title='bbox 1174 2191 1253 2234; x_wconf 77' lang='lat' dir='ltr'><strong>vero</strong></span> <span class='ocrx_word' id='word_1_126' title='bbox 1297 2245 1298 2262; x_wconf 13' lang='grc' dir='ltr'>χ</span> 
     </span>
     <span class='ocr_line' id='line_1_19' title="bbox 245 2271 1244 2360; baseline -0.006 -22"><span class='ocrx_word' id='word_1_127' title='bbox 245 2275 451 2360; x_wconf 70' lang='lat' dir='ltr'><strong>impugnem</strong></span> <span class='ocrx_word' id='word_1_128' title='bbox 478 2279 643 2360; x_wconf 81' lang='lat' dir='ltr'><strong>progressi</strong></span> <span class='ocrx_word' id='word_1_129' title='bbox 671 2289 767 2359; x_wconf 81' lang='lat' dir='ltr'><strong>annt3</strong></span> <span class='ocrx_word' id='word_1_130' title='bbox 794 2278 920 2360; x_wconf 82' lang='lat' dir='ltr'><strong>inqua</strong></span> <span class='ocrx_word' id='word_1_131' title='bbox 943 2271 1086 2338; x_wconf 80' lang='lat' dir='ltr'><strong>Grae&#39;coe</strong></span> <span class='ocrx_word' id='word_1_132' title='bbox 1113 2273 1244 2356; x_wconf 85' lang='lat' dir='ltr'><strong>primum</strong></span> 
     </span>
     <span class='ocr_line' id='line_1_20' title="bbox 248 2377 1298 2484; baseline -0.009 -40"><span class='ocrx_word' id='word_1_133' title='bbox 248 2381 340 2464; x_wconf 80' lang='lat' dir='ltr'><strong>aquia</strong></span> <span class='ocrx_word' id='word_1_134' title='bbox 361 2382 507 2474; x_wconf 69' lang='lat' dir='ltr'><strong>inpectos</strong></span> <span class='ocrx_word' id='word_1_135' title='bbox 531 2401 602 2442; x_wconf 77' lang='lat' dir='ltr'><strong>cate</strong></span> <span class='ocrx_word' id='word_1_136' title='bbox 625 2381 724 2442; x_wconf 89' lang='lat' dir='ltr'><strong>tradit</strong></span> <span class='ocrx_word' id='word_1_137' title='bbox 751 2381 882 2462; x_wconf 68' lang='lat' dir='ltr'><strong>Dictyr;</strong></span> <span class='ocrx_word' id='word_1_138' title='bbox 904 2379 1055 2442; x_wconf 78' lang='lat' dir='ltr'><strong>extabant</strong></span> <span class='ocrx_word' id='word_1_139' title='bbox 1071 2379 1137 2440; x_wconf 86' lang='lat' dir='ltr'><strong>hac</strong></span> <span class='ocrx_word' id='word_1_140' title='bbox 1153 2377 1189 2438; x_wconf 86' lang='lat' dir='ltr'><strong>de</strong></span> <span class='ocrx_word' id='word_1_141' title='bbox 1208 2395 1243 2436; x_wconf 89' lang='lat' dir='ltr'><strong>ra</strong></span> <span class='ocrx_word' id='word_1_142' title='bbox 1297 2421 1298 2484; x_wconf 61' lang='lat' dir='ltr'><strong>l</strong></span> 
     </span>
     <span class='ocr_line' id='line_1_21' title="bbox 248 2479 1250 2563; baseline -0.006 -17"><span class='ocrx_word' id='word_1_143' title='bbox 248 2483 397 2562; x_wconf 84' lang='lat' dir='ltr'><strong>fabulae,</strong></span> <span class='ocrx_word' id='word_1_144' title='bbox 425 2495 462 2546; x_wconf 88' lang='lat' dir='ltr'><strong>ut</strong></span> <span class='ocrx_word' id='word_1_145' title='bbox 482 2485 664 2544; x_wconf 85' lang='lat' dir='ltr'><strong>Hectorem</strong></span> <span class='ocrx_word' id='word_1_146' title='bbox 694 2482 801 2542; x_wconf 78' lang='lat' dir='ltr'><strong>nolum</strong></span> <span class='ocrx_word' id='word_1_147' title='bbox 830 2479 985 2563; x_wconf 74' lang='lat' dir='ltr'><strong>quadriga</strong></span> <span class='ocrx_word' id='word_1_148' title='bbox 1013 2490 1146 2544; x_wconf 84' lang='lat' dir='ltr'><strong>vectum</strong></span> <span class='ocrx_word' id='word_1_149' title='bbox 1172 2499 1250 2557; x_wconf 80' lang='lat' dir='ltr'><strong>esse,</strong></span> 
     </span>
     <span class='ocr_line' id='line_1_22' title="bbox 248 2581 1249 2678; baseline -0.009 -25"><span class='ocrx_word' id='word_1_150' title='bbox 248 2610 332 2678; x_wconf 85' lang='lat' dir='ltr'><strong>quae</strong></span> <span class='ocrx_word' id='word_1_151' title='bbox 361 2589 482 2672; x_wconf 87' lang='lat' dir='ltr'><strong>legitur</strong></span> <span class='ocrx_word' id='word_1_152' title='bbox 511 2585 598 2670; x_wconf 87' lang='lat' dir='ltr'><strong>apud</strong></span> <span class='ocrx_word' id='word_1_153' title='bbox 623 2586 811 2650; x_wconf 74' lang='lat' dir='ltr'><strong>Philostrat.</strong></span> <span class='ocrx_word' id='word_1_154' title='bbox 841 2587 959 2669; x_wconf 86' lang='lat' dir='ltr'><strong>lmagg.</strong></span> <span class='ocrx_word' id='word_1_155' title='bbox 995 2585 1018 2664; x_wconf 81' lang='grc' dir='ltr'><strong>Ι,</strong></span> <span class='ocrx_word' id='word_1_156' title='bbox 1049 2603 1099 2664; x_wconf 74' lang='lat'><strong>27.</strong></span> <span class='ocrx_word' id='word_1_157' title='bbox 1119 2581 1249 2644; x_wconf 86' lang='lat' dir='ltr'><strong>Heroic.</strong></span> 
     </span>
     <span class='ocr_line' id='line_1_23' title="bbox 247 2689 1249 2778; baseline -0.008 -23"><span class='ocrx_word' id='word_1_158' title='bbox 247 2713 322 2778; x_wconf 82' lang='lat' dir='ltr'><strong>pag.</strong></span> <span class='ocrx_word' id='word_1_159' title='bbox 344 2692 414 2757; x_wconf 79' lang='lat'>654.</span> <span class='ocrx_word' id='word_1_160' title='bbox 436 2695 479 2756; x_wconf 79' lang='lat' dir='ltr'><strong>D.</strong></span> <span class='ocrx_word' id='word_1_161' title='bbox 523 2694 704 2756; x_wconf 88' lang='lat' dir='ltr'><strong>Cruentum</strong></span> <span class='ocrx_word' id='word_1_162' title='bbox 735 2704 769 2756; x_wconf 90' lang='lat' dir='ltr'><strong>et</strong></span> <span class='ocrx_word' id='word_1_163' title='bbox 801 2701 895 2770; x_wconf 83' lang='lat' dir='ltr'><strong>atrox</strong></span> <span class='ocrx_word' id='word_1_164' title='bbox 923 2691 956 2752; x_wconf 92' lang='lat' dir='ltr'><strong>id</strong></span> <span class='ocrx_word' id='word_1_165' title='bbox 983 2689 1146 2772; x_wconf 87' lang='lat' dir='ltr'><strong>proelium</strong></span> <span class='ocrx_word' id='word_1_166' title='bbox 1174 2689 1249 2767; x_wconf 71' lang='lat' dir='ltr'><strong>snit,</strong></span> 
     </span>
     <span class='ocr_line' id='line_1_24' title="bbox 249 2793 1251 2880; baseline -0.002 -24"><span class='ocrx_word' id='word_1_167' title='bbox 249 2795 283 2858; x_wconf 93' lang='lat' dir='ltr'><strong>in</strong></span> <span class='ocrx_word' id='word_1_168' title='bbox 304 2817 370 2880; x_wconf 84' lang='lat' dir='ltr'><strong>quo</strong></span> <span class='ocrx_word' id='word_1_169' title='bbox 392 2805 526 2879; x_wconf 84' lang='lat' dir='ltr'><strong>praeter</strong></span> <span class='ocrx_word' id='word_1_170' title='bbox 546 2797 626 2859; x_wconf 85' lang='lat' dir='ltr'><strong>alios</strong></span> <span class='ocrx_word' id='word_1_171' title='bbox 648 2797 818 2878; x_wconf 85' lang='lat' dir='ltr'><strong>Sarpedon</strong></span> <span class='ocrx_word' id='word_1_172' title='bbox 840 2817 858 2857; x_wconf 91' lang='lat' dir='ltr'><strong>a</strong></span> <span class='ocrx_word' id='word_1_173' title='bbox 877 2794 1034 2857; x_wconf 89' lang='lat' dir='ltr'><strong>Patroclo</strong></span> <span class='ocrx_word' id='word_1_174' title='bbox 1056 2793 1176 2854; x_wconf 79' lang='lat' dir='ltr'><strong>occisus</strong></span> <span class='ocrx_word' id='word_1_175' title='bbox 1202 2805 1251 2854; x_wconf 76' lang='lat' dir='ltr'><strong>cat</strong></span> 
     </span>
     <span class='ocr_line' id='line_1_25' title="bbox 248 2897 1251 2982; baseline -0.008 -20"><span class='ocrx_word' id='word_1_176' title='bbox 248 2900 373 2982; x_wconf 85' lang='lat' dir='ltr'><strong>ingenti</strong></span> <span class='ocrx_word' id='word_1_177' title='bbox 406 2901 499 2962; x_wconf 88' lang='lat' dir='ltr'><strong>luctu</strong></span> <span class='ocrx_word' id='word_1_178' title='bbox 520 2901 734 2962; x_wconf 82' lang='lat' dir='ltr'><strong>Troianorum</strong></span> <span class='ocrx_word' id='word_1_179' title='bbox 740 2921 751 2980; x_wconf 83' lang='lat'>3</span> <span class='ocrx_word' id='word_1_180' title='bbox 786 2899 843 2982; x_wconf 91' lang='lat' dir='ltr'><strong>qui</strong></span> <span class='ocrx_word' id='word_1_181' title='bbox 871 2919 938 2960; x_wconf 90' lang='lat' dir='ltr'><strong>non</strong></span> <span class='ocrx_word' id='word_1_182' title='bbox 969 2897 1074 2958; x_wconf 89' lang='lat' dir='ltr'><strong>multo</strong></span> <span class='ocrx_word' id='word_1_183' title='bbox 1104 2905 1177 2976; x_wconf 83' lang='lat' dir='ltr'><strong>post</strong></span> <span class='ocrx_word' id='word_1_184' title='bbox 1199 2913 1251 2954; x_wconf 88' lang='lat' dir='ltr'><strong>re·</strong></span> 
     </span>
     <span class='ocr_line' id='line_1_26' title="bbox 249 3001 1250 3087; baseline -0.007 -20"><span class='ocrx_word' id='word_1_185' title='bbox 249 3005 385 3087; x_wconf 90' lang='lat' dir='ltr'><strong>pentino</strong></span> <span class='ocrx_word' id='word_1_186' title='bbox 399 3005 533 3065; x_wconf 81' lang='lat' dir='ltr'><strong>incursu</strong></span> <span class='ocrx_word' id='word_1_187' title='bbox 552 3005 694 3068; x_wconf 82' lang='lat' dir='ltr'><strong>Graecos</strong></span> <span class='ocrx_word' id='word_1_188' title='bbox 712 3001 870 3074; x_wconf 82' lang='lat' dir='ltr'><strong>invadunt</strong></span> <span class='ocrx_word' id='word_1_189' title='bbox 890 3015 924 3066; x_wconf 89' lang='lat' dir='ltr'><strong>et</strong></span> <span class='ocrx_word' id='word_1_190' title='bbox 943 3021 1091 3084; x_wconf 82' lang='lat' dir='ltr'><strong>magnam</strong></span> <span class='ocrx_word' id='word_1_191' title='bbox 1110 3005 1250 3079; x_wconf 75' lang='lat' dir='ltr'><strong>stragem</strong></span> 
     </span>
     <span class='ocr_line' id='line_1_27' title="bbox 250 3103 1298 3191; baseline -0.004 -23"><span class='ocrx_word' id='word_1_192' title='bbox 250 3107 374 3188; x_wconf 83' lang='lat' dir='ltr'><strong>edunt3</strong></span> <span class='ocrx_word' id='word_1_193' title='bbox 407 3108 579 3172; x_wconf 86' lang='lat' dir='ltr'><strong>Patroclus</strong></span> <span class='ocrx_word' id='word_1_194' title='bbox 612 3108 652 3170; x_wconf 88' lang='lat' dir='ltr'><strong>ab</strong></span> <span class='ocrx_word' id='word_1_195' title='bbox 673 3107 856 3191; x_wconf 86' lang='lat' dir='ltr'><strong>Euphorbo</strong></span> <span class='ocrx_word' id='word_1_196' title='bbox 888 3116 1021 3168; x_wconf 84' lang='lat' dir='ltr'><strong>necatus</strong></span> <span class='ocrx_word' id='word_1_197' title='bbox 1058 3114 1126 3182; x_wconf 83' lang='lat' dir='ltr'><strong>est,</strong></span> <span class='ocrx_word' id='word_1_198' title='bbox 1157 3103 1247 3164; x_wconf 79' lang='lat' dir='ltr'><strong>caint</strong></span> <span class='ocrx_word' id='word_1_199' title='bbox 1297 3123 1298 3136; x_wconf 59' lang='lat'>¹</span> 
     </span>
     <span class='ocr_line' id='line_1_28' title="bbox 252 3204 1247 3273; baseline -0.007 -3"><span class='ocrx_word' id='word_1_200' title='bbox 252 3209 391 3273; x_wconf 87' lang='lat' dir='ltr'><strong>cadaver</strong></span> <span class='ocrx_word' id='word_1_201' title='bbox 412 3209 536 3272; x_wconf 85' lang='lat' dir='ltr'><strong>Hector</strong></span> <span class='ocrx_word' id='word_1_202' title='bbox 556 3210 667 3271; x_wconf 82' lang='lat' dir='ltr'><strong>multia</strong></span> <span class='ocrx_word' id='word_1_203' title='bbox 687 3210 804 3272; x_wconf 89' lang='lat' dir='ltr'><strong>ictibus</strong></span> <span class='ocrx_word' id='word_1_204' title='bbox 826 3207 983 3272; x_wconf 86' lang='lat' dir='ltr'><strong>confodit.</strong></span> <span class='ocrx_word' id='word_1_205' title='bbox 1023 3207 1105 3269; x_wconf 82' lang='lat' dir='ltr'><strong>Aiax</strong></span> <span class='ocrx_word' id='word_1_206' title='bbox 1121 3204 1247 3266; x_wconf 87' lang='lat' dir='ltr'><strong>taudem</strong></span> 
     </span>
     <span class='ocr_line' id='line_1_29' title="bbox 250 3305 1247 3394; baseline -0.006 -22"><span class='ocrx_word' id='word_1_207' title='bbox 250 3311 484 3392; x_wconf 75' lang='lat' dir='ltr'><strong>superveniens</strong></span> <span class='ocrx_word' id='word_1_208' title='bbox 505 3305 684 3373; x_wconf 85' lang='lat' dir='ltr'><strong>Hectorem</strong></span> <span class='ocrx_word' id='word_1_209' title='bbox 705 3311 848 3394; x_wconf 84' lang='lat' dir='ltr'><strong>repellit,</strong></span> <span class='ocrx_word' id='word_1_210' title='bbox 870 3309 1008 3373; x_wconf 87' lang='lat' dir='ltr'><strong>cadaver</strong></span> <span class='ocrx_word' id='word_1_211' title='bbox 1027 3306 1167 3369; x_wconf 85' lang='lat' dir='ltr'><strong>Patrocli</strong></span> <span class='ocrx_word' id='word_1_212' title='bbox 1186 3307 1247 3367; x_wconf 89' lang='lat' dir='ltr'><strong>eri·</strong></span> 
     </span>
    </p>

    <p class='ocr_par' dir='ltr' id='par_1_3' title="bbox 211 3413 1298 4016">
     <span class='ocr_line' id='line_1_30' title="bbox 211 3413 1245 3498; baseline -0.003 -23"><span class='ocrx_word' id='word_1_213' title='bbox 211 3469 215 3482; x_wconf 77' lang='grc'><strong>,</strong></span> <span class='ocrx_word' id='word_1_214' title='bbox 251 3416 309 3498; x_wconf 81' lang='lat' dir='ltr'><strong>pit,</strong></span> <span class='ocrx_word' id='word_1_215' title='bbox 331 3415 494 3498; x_wconf 85' lang='lat' dir='ltr'><strong>funusque</strong></span> <span class='ocrx_word' id='word_1_216' title='bbox 529 3416 597 3478; x_wconf 82' lang='lat' dir='ltr'><strong>eiua</strong></span> <span class='ocrx_word' id='word_1_217' title='bbox 618 3415 749 3498; x_wconf 85' lang='lat' dir='ltr'><strong>publice</strong></span> <span class='ocrx_word' id='word_1_218' title='bbox 773 3417 891 3477; x_wconf 88' lang='lat' dir='ltr'><strong>Graeci</strong></span> <span class='ocrx_word' id='word_1_219' title='bbox 912 3414 1088 3476; x_wconf 88' lang='lat' dir='ltr'><strong>celebrant.</strong></span> <span class='ocrx_word' id='word_1_220' title='bbox 1128 3413 1245 3476; x_wconf 86' lang='lat' dir='ltr'><strong>Iterum</strong></span> 
     </span>
     <span class='ocr_line' id='line_1_31' title="bbox 252 3517 1257 3623; baseline -0.003 -42"><span class='ocrx_word' id='word_1_221' title='bbox 252 3517 368 3581; x_wconf 83' lang='lat' dir='ltr'><strong>deindo</strong></span> <span class='ocrx_word' id='word_1_222' title='bbox 389 3537 498 3600; x_wconf 89' lang='lat' dir='ltr'><strong>pugna</strong></span> <span class='ocrx_word' id='word_1_223' title='bbox 525 3530 619 3581; x_wconf 84' lang='lat' dir='ltr'><strong>atrox</strong></span> <span class='ocrx_word' id='word_1_224' title='bbox 634 3521 894 3600; x_wconf 64' lang='lat' dir='ltr'><strong>‹commissa-est,</strong></span> <span class='ocrx_word' id='word_1_225' title='bbox 923 3521 957 3580; x_wconf 91' lang='lat' dir='ltr'><strong>in</strong></span> <span class='ocrx_word' id='word_1_226' title='bbox 985 3541 1049 3604; x_wconf 82' lang='lat' dir='ltr'><strong>qna</strong></span> <span class='ocrx_word' id='word_1_227' title='bbox 1076 3519 1140 3602; x_wconf 80' lang='lat' dir='ltr'><strong>vivi</strong></span> <span class='ocrx_word' id='word_1_228' title='bbox 1165 3518 1257 3623; x_wconf 68' lang='lat' dir='ltr'><strong>capti⁴</strong></span> 
     </span>
     <span class='ocr_line' id='line_1_32' title="bbox 253 3618 1298 3704; baseline 0.002 -24"><span class='ocrx_word' id='word_1_229' title='bbox 253 3629 329 3682; x_wconf 81' lang='lat' dir='ltr'><strong>runt</strong></span> <span class='ocrx_word' id='word_1_230' title='bbox 349 3618 560 3704; x_wconf 88' lang='lat' dir='ltr'><strong>quadraginta</strong></span> <span class='ocrx_word' id='word_1_231' title='bbox 581 3620 645 3684; x_wconf 90' lang='lat' dir='ltr'><strong>duo</strong></span> <span class='ocrx_word' id='word_1_232' title='bbox 668 3623 902 3701; x_wconf 84' lang='lat' dir='ltr'><strong>Troianorum,</strong></span> <span class='ocrx_word' id='word_1_233' title='bbox 922 3623 956 3682; x_wconf 92' lang='lat' dir='ltr'><strong>in</strong></span> <span class='ocrx_word' id='word_1_234' title='bbox 977 3621 1015 3682; x_wconf 84' lang='lat' dir='ltr'><strong>iia</strong></span> <span class='ocrx_word' id='word_1_235' title='bbox 1037 3621 1101 3684; x_wconf 87' lang='lat' dir='ltr'><strong>duo</strong></span> <span class='ocrx_word' id='word_1_236' title='bbox 1119 3621 1244 3682; x_wconf 87' lang='lat' dir='ltr'><strong>Priami-</strong></span> <span class='ocrx_word' id='word_1_237' title='bbox 1297 3695 1298 3698; x_wconf 8' lang='grc' dir='ltr'><strong>Ἴ</strong></span> 
     </span>
     <span class='ocr_line' id='line_1_33' title="bbox 253 3723 1298 3810; baseline -0.001 -23"><span class='ocrx_word' id='word_1_238' title='bbox 253 3725 324 3804; x_wconf 88' lang='lat' dir='ltr'><strong>dae,</strong></span> <span class='ocrx_word' id='word_1_239' title='bbox 345 3745 427 3810; x_wconf 83' lang='lat' dir='ltr'><strong>quoa</strong></span> <span class='ocrx_word' id='word_1_240' title='bbox 456 3746 566 3788; x_wconf 81' lang='lat' dir='ltr'><strong>omnes</strong></span> <span class='ocrx_word' id='word_1_241' title='bbox 599 3727 660 3788; x_wconf 81' lang='lat' dir='ltr'><strong>sihi</strong></span> <span class='ocrx_word' id='word_1_242' title='bbox 687 3749 705 3790; x_wconf 87' lang='lat' dir='ltr'><strong>a</strong></span> <span class='ocrx_word' id='word_1_243' title='bbox 733 3727 851 3790; x_wconf 75' lang='lat' dir='ltr'><strong>ceteris</strong></span> <span class='ocrx_word' id='word_1_244' title='bbox 886 3727 1014 3790; x_wconf 78' lang='lat' dir='ltr'><strong>oblator</strong></span> <span class='ocrx_word' id='word_1_245' title='bbox 1043 3725 1175 3788; x_wconf 78' lang='lat' dir='ltr'><strong>Achilles</strong></span> <span class='ocrx_word' id='word_1_246' title='bbox 1203 3723 1245 3786; x_wconf 91' lang='lat' dir='ltr'><strong>ad</strong></span> <span class='ocrx_word' id='word_1_247' title='bbox 1297 3767 1298 3776; x_wconf 23' lang='grc' dir='ltr'><strong>η</strong></span> 
     </span>
     <span class='ocr_line' id='line_1_34' title="bbox 252 3825 1239 3911; baseline 0 -23"><span class='ocrx_word' id='word_1_248' title='bbox 252 3826 385 3890; x_wconf 78' lang='lat' dir='ltr'><strong>bustum</strong></span> <span class='ocrx_word' id='word_1_249' title='bbox 395 3828 541 3890; x_wconf 87' lang='lat' dir='ltr'><strong>Patrocli</strong></span> <span class='ocrx_word' id='word_1_250' title='bbox 561 3828 700 3911; x_wconf 88' lang='lat' dir='ltr'><strong>iugulari</strong></span> <span class='ocrx_word' id='word_1_251' title='bbox 718 3829 821 3908; x_wconf 72' lang='lat' dir='ltr'><strong>insuit,</strong></span> <span class='ocrx_word' id='word_1_252' title='bbox 840 3829 1076 3898; x_wconf 75' lang='lat' dir='ltr'><strong>Priamidarum</strong></span> <span class='ocrx_word' id='word_1_253' title='bbox 1097 3825 1239 3893; x_wconf 81' lang='lat' dir='ltr'><strong>cadavera</strong></span> 
     </span>
     <span class='ocr_line' id='line_1_35' title="bbox 254 3925 881 4016; baseline 0.003 -24"><span class='ocrx_word' id='word_1_254' title='bbox 254 3925 355 3992; x_wconf 86' lang='lat' dir='ltr'><strong>otiam</strong></span> <span class='ocrx_word' id='word_1_255' title='bbox 375 3927 508 3997; x_wconf 80' lang='lat' dir='ltr'><strong>canibus</strong></span> <span class='ocrx_word' id='word_1_256' title='bbox 531 3927 711 3996; x_wconf 83' lang='lat' dir='ltr'><strong>dilanianda</strong></span> <span class='ocrx_word' id='word_1_257' title='bbox 730 3929 881 4016; x_wconf 84' lang='lat' dir='ltr'><strong>proiecit.</strong></span> 
     </span>
    </p>
   </div>
   <div class='ocr_carea' id='block_1_3' title="bbox 0 0 1337 4768">
    <p class='ocr_par' dir='ltr' id='par_1_4' title="bbox 0 0 1337 4768">
     <span class='ocr_line' id='line_1_36' title="bbox 0 0 1337 4768; baseline 0 0"><span class='ocrx_word' id='word_1_258' title='bbox 0 0 1337 4768; x_wconf 95' lang='lat' dir='ltr'><strong> </strong></span> 
     </span>
    </p>
   </div>
  </div>
 </body>
</html>
