2722 4776
481 431 686 496 ..17-

30 620 35 629 ·
81 599 140 664 mis
160 597 372 684 scriptoribus
395 607 705 680 commemorantur,
728 600 800 664 lieri
821 611 947 684 potest,
971 603 1007 664 ut
1028 601 1085 686 qui

82 709 216 770 maxime
238 709 421 790 divulgatus
443 717 493 769 est
511 707 641 772 fabulae
664 708 762 790 ordo,
792 727 866 771 eum
887 708 1004 772 habeas
1028 731 1085 771 an·

82 815 312 898 tiquissimum,
345 813 378 872 in
406 832 468 895 qua
498 831 535 872 re
563 811 732 873 iudicanda
765 831 897 878 summa,
919 834 1001 896 opus
1033 821 1084 875 est

83 916 250 992 cautione,
274 914 323 972 uti
344 931 474 996 quoque
495 912 527 972 in
545 911 699 973 heroibus
716 913 792 993 ipsis
805 909 1010 996 heroumque
1027 935 1085 975 noa

81 1015 221 1076 minibus
251 1013 480 1090 discernendis,
509 1033 592 1096 quae
614 1013 663 1074 uti
684 1013 834 1074 locorum
856 1023 890 1072 et
910 1015 1083 1096 regionum
1119 1059 1122 1068 .

80 1119 210 1178 nomina
233 1137 250 1175 a
272 1117 399 1198 tragicis
434 1119 541 1199 poetis
570 1130 766 1206 cqmmutata
794 1118 920 1202 saepius
949 1137 1020 1179 esse
1043 1125 1079 1178 et

81 1220 212 1300 confusa
233 1229 364 1284 veteres
385 1221 447 1302 ipsi
469 1234 674 1282 monuerunt.

155 1329 272 1409 Neque
306 1323 518 1406 philosophos
553 1323 810 1406 praetereundos
844 1337 914 1385 esse
949 1339 1082 1403 censeo,

78 1429 144 1513 qui,
167 1426 242 1487 dum
263 1427 427 1510 explicare
449 1429 483 1488 et
511 1425 722 1508 interpretari
749 1425 875 1488 fabulas
907 1418 1083 1489 studebant

80 1537 113 1589 et
132 1529 165 1590 in
185 1528 339 1591 heroibus
361 1527 463 1590 omnis
485 1524 614 1588 virtutis
637 1527 776 1588 illustria
799 1527 956 1609 exempla,
979 1529 1012 1590 in
1034 1529 1082 1589 sa·

78 1629 163 1692 bulis
174 1651 255 1695 vero
268 1651 394 1693 morum
403 1639 578 1712 praecepta
588 1629 804 1713 quaerebant,
819 1639 852 1690 et
866 1630 927 1711 ipsi
936 1629 1083 1692 immutes·

78 1733 157 1796 hant
177 1746 348 1818 poetarum
370 1735 587 1819 antiquiorum
609 1734 821 1812 narrationes,
844 1746 877 1795 et
898 1743 935 1794 ut
956 1732 996 1793 ab
1012 1733 1081 1794 aliis
1137 1779 1141 1790 .

78 1838 328 1898 immutarentur
348 1837 500 1896 fecerunt
523 1835 582 1917 ²⁰);
606 1837 783 1898 extiterunt
806 1835 901 1912 enim,
924 1836 979 1920 qui
1004 1855 1080 1897 con-
1129 1911 1134 1923 ἡ

77 1940 213 2022 iungere
245 1939 406 2001 discordia
433 1951 466 2000 et
493 1939 534 2000 ad
567 1961 666 2000 uuum
692 1939 887 2023 principium
916 1953 1073 2000 revocare
1135 1923 1146 1941 ⁸

78 2043 268 2124 rivulosque
291 2041 382 2122 quasi
404 2039 443 2098 ad
464 2041 589 2098 fontem
609 2039 768 2100 reducere
790 2041 986 2100 niterentur.

164 2143 323 2236 Quartam
349 2140 430 2202 banc
456 2141 664 2226 subsequitur
700 2143 813 2203 ultima
835 2151 921 2202 aetas
955 2139 1082 2224 mytho·

80 2245 300 2328 graphorum,
338 2247 394 2330 qui
415 2256 530 2309 cuncta
557 2245 625 2308 sine
647 2245 715 2308 ullo
738 2245 1024 2308 delectueorrasa
1047 2255 1081 2309 et

79 2357 233 2429 congestu
259 2347 292 2408 in
314 2370 412 2410 unum
440 2349 559 2410 librum
582 2347 863 2430 conscripserunt,
892 2345 948 2432 qui
974 2367 1080 2411 remo-

79 2448 164 2511 tiora
184 2467 281 2530 saepe
302 2450 518 2532 negligentes,
549 2451 624 2511 dum
651 2471 743 2510 usum
774 2449 981 2533 spectabant,
999 2450 1081 2518 ,vul-

80 2552 205 2632 gatiora
226 2551 322 2611 exiis
344 2554 460 2633 poetis,
483 2575 564 2636 quos
586 2553 620 2614 iu
640 2552 784 2614 manibus
806 2550 959 2614 videbant
978 2552 1079 2634 pluri·

81 2673 219 2730 morum,
242 2661 276 2713 et
298 2652 395 2714 exiis
417 2655 647 2734 scriptoribus,
670 2675 808 2737 quorum
828 2649 931 2735 gloria
953 2656 1077 2736 praeci·

79 2777 144 2839 pua
167 2765 253 2835 erat,
288 2777 345 2817 sua
367 2759 594 2837 contuleruut,
615 2756 740 2840 ipsique
763 2757 830 2817 aliis
852 2757 1076 2838 scriptoribus,

80 2859 138 2946 qui
156 2860 406 2923 historiunculas
429 2860 598 2922 amatorias
627 2869 723 2944 atque
751 2857 885 2919 fabellas
916 2860 1078 2922 delee'tau·

79 2975 130 3023 tes
158 2961 440 3040 consarciuabant,
472 2961 639 3022 materiem
665 2957 888 3040 suppeditasse
913 2960 1075 3023 videntur.

79 3063 317 3124 Historicorum
356 3061 510 3138 illorum,
546 3061 601 3146 qui
640 3060 824 3122 universam
863 3059 1076 3123 condiderunt

77 3159 263 3238 historiam,
288 3162 462 3246 praecipua
484 3163 568 3224 ratio
588 3160 735 3222 habenda
757 3180 913 3222 essenon
935 3160 1075 3241 videtur,

78 3265 135 3348 qui
168 3284 283 3326 eorum
312 3274 495 3345 auctorum,
537 3285 618 3350 quos
649 3263 746 3324 modo
775 3262 923 3340 indicavi,
957 3263 1075 3324 scrinia

75 3359 334 3446 compilaverint.
374 3367 458 3428 Addi
487 3374 640 3449 poterant
668 3364 776 3447 potius
808 3363 954 3445 theologi
976 3376 1073 3448 atque

75 3478 224 3528 auctores
246 3466 439 3545 Christiani,
474 3467 529 3552 qui
559 3453 653 3528 animi
675 3465 791 3527 ardore
813 3464 942 3548 abrepti
964 3465 1073 3528 autin

15 3641 26 3650 q
73 3573 272 3632 Graecorum
285 3571 520 3632 narrationibus
541 3593 630 3631 suam
653 3569 832 3631 doctrinam
853 3569 943 3631 innui
961 3571 1074 3634 crede·

69 3672 165 3751 bant,
194 3685 252 3733 sut
287 3671 443 3754 exemplis
472 3671 657 3754 mythorum
694 3668 855 3731 distractis
881 3681 916 3734 et
944 3671 1071 3735 fabellis

74 3794 304 3858 nonnunquam
325 3773 407 3836 lictis
429 3793 583 3856 perverse
606 3771 833 3836 abutebantur.

105 3966 142 4030 ²⁰)
162 3961 220 4014 Gic.
238 3965 270 4018 N.
290 3963 328 4016 D.
347 3965 369 4028 Ι,
390 3964 420 4028 ι4
440 3960 476 4014 de
495 3961 634 4026 Zenona,
655 3959 686 4014 rs
704 3957 741 4012 de
758 3956 934 4031 Chrysippo.
970 3955 1066 4027 Hera.

138 4053 176 4110 ad
193 4055 228 4111 Il.
246 4041 312 4130 ἐμ,
332 4054 367 4109 da
389 4055 509 4112 Stoicis.
889 4137 907 4190 α
