2722 4776
656 381 856 444 ..10-

246 541 385 630 ἇριστος
411 547 604 631 ἀμύνεσθαι
628 550 708 634 περὶ
727 547 854 635 πάτρης
874 585 915 599 -·
935 553 980 622 At
1013 553 1149 637 Chryses
1181 555 1252 636 ille,

244 651 288 715 ob
316 653 406 714 cuius
428 655 575 715 iniuriam
606 655 708 748 pestis
731 652 882 718 (livinitus
904 657 998 718 missa
1019 659 1137 721 invasit
1158 680 1253 722 exer÷

245 757 361 836 citum,
395 757 547 837 Calchas,
580 759 636 842 qui
675 757 834 821 vaticiniis
867 757 908 820 ad
941 760 1072 822 Troiam
1105 763 1249 825 Graecos

244 863 345 940 duxit,
366 864 534 946 Dolopion
556 863 715 926 Troianus
736 864 1113 947 Scamandrisacerdos,
1149 891 1251 954 quem

244 973 283 1025 ut
304 965 400 1025 deum
420 963 668 1027 venerabundus
690 967 831 1048 populus
853 965 1060 1048 suspiciebat,
1090 965 1168 1048 quid
1190 966 1252 1030 tibi
1360 964 1361 985 ¹

242 1063 374 1127 tandem
395 1065 574 1128 ridentur?
604 1067 734 1146 Audi03
769 1066 827 1128 sed
855 1067 976 1149 Apollo
1008 1067 1084 1126 dum
1107 1066 1251 1126 Graecos

242 1163 347 1246 punit,
368 1164 452 1227 Iovis
464 1166 664 1228 voluntatem
677 1168 858 1250 exequitur,
880 1185 986 1249 neque
998 1163 1140 1246 Chrysen
1151 1165 1248 1244 magis

243 1276 339 1345 amat,
362 1289 457 1353 quam
478 1269 584 1351 Ulyesi
606 1269 751 1331 Minerva
772 1268 876 1338 favet3
910 1265 1057 1345 Calchas,
1091 1267 1243 1342 Helenus,

243 1369 364 1453 aliique
385 1367 503 1451 privati
525 1380 628 1430 artem
644 1391 734 1430 suam
756 1379 908 1458 esercent
928 1367 1246 1451 publicapropterea

244 1472 335 1533 nulla
356 1472 547 1534 auctoritate
580 1472 736 1554 insignes,
769 1481 803 1533 et
823 1473 925 1549 illius,
956 1472 1013 1556 qul
1032 1473 1249 1554 Agamemnos

244 1595 321 1635 nem
348 1581 519 1656 tantopere
549 1576 643 1636 timet
669 1588 703 1636 et
736 1588 801 1637 tam
836 1574 948 1643 anxius
980 1573 1024 1644 de
1048 1575 1153 1636 salute
1179 1597 1247 1652 sua,

243 1694 327 1758 quae
348 1685 555 1758 cognoverat,
578 1676 631 1738 vix
645 1678 760 1759 aperit,
781 1699 853 1738 rara
875 1676 1047 1738 admodum
1066 1676 1103 1738 fit
1115 1680 1249 1756 mentio,

243 1797 351 1862 neque
373 1778 442 1861 ipse
463 1777 496 1846 in
519 1778 585 1848 ulla
605 1796 642 1837 re
664 1782 782 1840 ceteris
804 1779 1004 1862 principibus
1023 1783 1246 1876 praeponitur,

241 1877 301 1940 sed
323 1897 364 1940 ne
377 1880 489 1960 primis
511 1879 640 1964 quidem
662 1900 721 1960 par
741 1878 889 1941 habetur.
920 1881 1113 1944 Sacerdotes
1127 1893 1246 1963 autern,

241 1993 280 2044 ut
295 1981 471 2064 Dolopion,
490 1982 605 2058 Dares,
628 2003 644 2040 a
658 1983 782 2064 populo
794 1982 961 2044 constituti
983 1997 1084 2062 erant,
1100 1985 1127 2066 ⁷)
1142 1985 1245 2046 idem-

208 2163 210 2168 Ι
242 2106 308 2170 que
328 2084 433 2148 bonor
455 2084 524 2156 aliis
552 2083 707 2145 tribuitur
731 2083 779 2165 ὓς
806 2105 913 2168 neque
935 2095 1041 2146 tamen
1060 2087 1249 2158 sacerdotes„
1288 2116 1291 2122 ¹

241 2177 349 2272 magni
369 2187 447 2250 facit
465 2186 630 2264 Priamus,
655 2208 763 2270 neque
786 2187 997 2250 Telemachus
1020 2189 1168 2252 vaticinia
1191 2213 1246 2251 cu-

239 2303 301 2369 rat,
336 2291 365 2373 ο)
400 2310 482 2372 quae
512 2288 602 2350 anxia
631 2300 736 2350 mater
770 2309 810 2350 ex
839 2288 1020 2350 hominibus
1053 2293 1244 2376 quaesierat,

240 2396 307 2478 qui,
327 2395 353 2460 si
374 2395 483 2455 locum
502 2391 589 2454 hunc
611 2390 772 2476 Odysseae
794 2401 885 2454 recte
907 2396 1010 2479 capio,
1032 2411 1133 2459 artem
1154 2399 1246 2458 illam

239 2498 433 2584 prolitentes
455 2499 646 2580 Zigarorum
667 2517 760 2559 more
790 2506 894 2559 terras
916 2521 1104 2584 peragrasse
1132 2503 1247 2565 viden..

239 2613 304 2664 tur.
331 2603 382 2678 ²⁰).
404 2599 459 2664 Ex'
484 2603 630 2672 Homero
650 2601 760 2683 itaque
782 2597 865 2674 illud
884 2602 994 2684 colligi
1020 2624 1086 2663 non
1107 2604 1240 2685 poterit,

244 2704 326 2769 nihil
348 2713 466 2782 autem,
493 2713 530 2764 ut
551 2703 589 2763 lis
612 2688 859 2781 diiudicaretur,
892 2705 989 2784 magis
1025 2707 1240 2770 necessarium

241 2821 322 2890 erat,
344 2831 440 2894 quam
461 2821 499 2870 nt
530 2809 736 2871 oraculorum
758 2809 862 2870 omnia
894 2810 1041 2875 instituta
1073 2813 1243 2897 perquire-2

239 2924 357 2978 rentur
378 2923 412 2981 et
433 2910 473 2983 de
494 2908 661 2986 bominum
689 2910 894 2975 fatidicorum
915 2912 1088 2995 generibus
1114 2935 1244 2975 accures
1299 2993 1303 2997 .

239 3021 361 3084 tissime
375 3028 543 3102 ageretur.

322 3124 390 3186 Aut
410 3122 510 3184 tristis
533 3120 617 3180 illius
639 3117 828 3201 disciplinae
837 3119 1069 3206 doctrinaeque
1081 3136 1234 3188 morosae,

241 3245 324 3310 quae
351 3233 417 3284 tam
445 3230 525 3300 erat,
545 3223 707 3289 Homerus
728 3221 909 3280 meminisse
931 3221 1047 3300 noluit,
1068 3241 1108 3280 ne
1127 3215 1239 3275 hilari.

239 3335 342 3388 tatem
362 3345 499 3408 poeseos
519 3331 745 3405 corrumperet
765 3323 952 3408 laetumque
980 3318 1127 3390 carminis.
1146 3316 1241 3381 colos

276 3623 353 3694 ‘illi
372 3609 398 3688 ζ,
415 3624 482 3679 3οο.

220 3787 221 3792 ,
274 3727 299 3790 ⁰)
317 3725 351 3783 ll.
375 3718 402 3788 l,
415 3727 463 3797 58,
484 3727 595 3802 stadia,
616 3723 651 3780 de
671 3726 786 3787 Glauco
806 3735 836 3780 et
854 3719 1033 3796 Sarpedone.

272 3832 296 3893 ⁹)
313 3827 343 3880 ll.
365 3840 401 3888 ω,
421 3828 487 3894 2165
514 3828 569 3889 od,
590 3839 623 3898 a,
638 3829 702 3894 415,

275 3919 309 3987 ¹⁰)
322 3917 409 3970 Plato
434 3927 512 3971 certo
541 3917 601 3972 suis
627 3918 813 3990 temporibus
842 3917 952 3972 factum
981 3915 1071 3982 dicit,
1102 3915 1139 3972 de
1165 3917 1235 3992 Rep.

289 4026 331 4088 p.
349 4011 409 4078 364.
