2722 4776
498 217 511 256 t

477 439 680 503 ..51-

76 627 214 693 operam
234 607 338 670 sanari
359 627 457 690 posse
471 609 542 672 sere
556 606 777 691 desperabam.
809 605 924 670 Statim
940 605 1083 689 quidem,

74 713 214 775 simulac
235 714 344 774 locum
363 712 555 794 inspexeris,
577 731 614 772 ea
636 708 840 772 subnascitur
854 707 1006 791 suspicio,
1026 728 1084 769 no·

74 816 165 876 mina
185 812 345 891 liliorum,
372 833 511 896 quorum
532 811 653 874 multos
677 823 710 873 et
733 831 793 876 eos.
811 809 914 888 adeo,
942 810 1085 894 quinon

74 918 182 980 semel
211 924 269 977 aut
298 913 337 975 ab
358 933 422 976 uno
444 923 577 976 auctore
607 914 830 991 nominantur,
857 912 997 991 omittit,
1030 911 1085 972 de-

75 1033 216 1105 pravata
247 1039 317 1080 esse
340 1030 373 1080 et
401 1016 433 1077 in
458 1017 599 1077 'liliorum
630 1015 763 1078 nomina
789 1014 973 1092 immutata,
1005 1031 1084 1096 quas

76 1129 187 1191 multo
208 1128 338 1210 plures,
365 1147 462 1209 quam
484 1123 539 1185 alii
560 1144 671 1184 omnes
704 1122 882 1205 scriptores
910 1129 1085 1203 noverunt,

78 1243 270 1309 enumerat3
293 1251 375 1313 quae
398 1226 538 1310 suspicio
560 1225 718 1303 firmatur,
741 1225 765 1284 si
779 1225 933 1286 Grauerti
948 1243 1086 1285 acumen
1125 1299 1134 1314 ἡ

75 1353 197 1396 verum
218 1331 314 1409 vidit,
344 1331 475 1415 quiea,
498 1349 581 1412 quae
612 1347 698 1389 nunc
716 1325 778 1388 sub
808 1327 926 1409 Hygini
954 1328 1085 1390 nomine

76 1433 250 1510 feruutur,
280 1433 505 1515 epitomatoris
530 1432 693 1494 cuiusdam
724 1442 877 1514 excerpta
905 1453 976 1494 esse
1004 1433 1086 1496 iudi·

71 1554 159 1596 care
180 1533 322 1615 videtur,
336 1533 433 1616 (Mus.
447 1533 553 1596 Rhen.
579 1535 664 1612 1828,
687 1535 712 1612 l,
732 1555 765 1618 p.
788 1534 864 1615 bn).
886 1536 1001 1619 ltaque
1022 1557 1085 1619 pro

75 1637 197 1720 Lyside
228 1639 408 1721 Lycaon,
443 1658 505 1720 pro
536 1635 735 1698 Demosthea
762 1637 1007 1699 Democoon
1038 1637 1086 1699 le-

76 1741 223 1824 gendum
255 1760 390 1820 cense03
424 1737 563 1801 filiarum
590 1751 699 1800 autem
732 1737 861 1800 nomina
883 1757 902 1800 e
928 1737 1086 1801 Pausania

78 1838 203 1920 corrigi
222 1846 377 1922 possunt,
398 1849 435 1898 ut
456 1836 585 1920 legatur
604 1857 667 1919 pro
695 1835 855 1916 Laodice,
888 1837 1086 1902 Ethionome

76 1941 213 2026 Phegea
241 1943 387 2004 Henicea
407 1942 584 2003 Demnosia
606 1937 784 2004 Cassandra
810 1940 993 2004 Philomela
1023 1943 1085 2005 itas
1176 1997 1179 2006 .

76 2046 280 2124 Laodice,
323 2046 573 2120 Deionome,
608 2043 698 2130 quod
727 2065 847 2106 nomen
889 2065 1020 2130 quoque
1052 2044 1087 2106 in

79 2150 183 2214 iliade
217 2170 320 2234 parva
346 2147 528 2232 legebatur,
556 2149 711 2228 Peisis,
746 2151 961 2214 Xenodice
996 2153 1088 2236 cly-

7 2311 10 2320 ,
77 2273 199 2316 mena
222 2253 464 2332 Cassandra,
484 2251 713 2333 Philenor,
747 2261 783 2314 et
804 2275 867 2336 pro
892 2252 1086 2338 Chrysolans

76 2356 281 2420 Demosthea
315 2341 451 2441 ”legatur
484 2357 656 2420 Clonius
702 2357 790 2420 lsus
830 2359 1086 2443 Democoon,

79 2479 144 2541 pro
165 2460 335 2538 Proneus,
368 2457 457 2543 qnod
479 2459 626 2548 ineptum
647 2479 766 2521 nomen
789 2467 849 2540 eat,
872 2460 951 2522 Gla
965 2483 986 2521 u
1001 2481 1087 2530 cus.

78 2557 135 2618 Sic
157 2567 290 2640 quoque
311 2577 464 2620 numerus
481 2559 712 2642 quinquaginta
733 2568 875 2640 quatuor
896 2559 1086 2642 liberorum,

80 2663 138 2748 qui
159 2663 193 2724 in
213 2662 318 2746 prima
338 2663 540 2748 paragrapho
562 2662 723 2747 praefixus
746 2673 805 2743 est,
827 2663 980 2728 efficitur.
1003 2668 1085 2726 Nam

80 2767 328 2836 etsiPauaanias
351 2786 462 2828 omnes
486 2767 650 2848 mulieres,
674 2788 752 2852 quas
765 2777 943 2849 enumerat,
966 2767 1086 2830 Priami

79 2872 161 2934 lilias
183 2872 283 2934 fuisse
306 2881 419 2956 aperto
450 2893 516 2936 non
537 2871 631 2952 dicit,
664 2874 810 2958 Hyginus
842 2885 951 2936 tamen
972 2880 1025 2936 eas
1045 2875 1080 2937 in
1106 2943 1109 2952 ¹

82 2976 139 3038 illo
167 2998 304 3040 numero
331 2976 480 3043 habuisse
512 2977 654 3040 videtur.
693 2980 754 3040 Est
784 2976 915 3062 quidem
942 2989 1083 3061 propter

84 3071 299 3140 temeritatem
320 3077 481 3162 quandam
501 3101 568 3140 nou
598 3077 672 3140 satis
693 3078 870 3162 probabilis
891 3080 994 3159 ratio,
1021 3099 1085 3162 qus

84 3193 178 3244 utens
200 3184 319 3265 Hygini
337 3185 446 3245 locum
467 3184 642 3246 restituere
664 3183 814 3262 conabar,
834 3183 893 3245 sed
913 3193 1007 3246 vetus
1028 3183 1085 3246 illa

86 3285 218 3366 regula,
255 3282 343 3366 quod
369 3284 492 3345 ferrum
514 3305 580 3344 non
606 3292 713 3360 sanat,
734 3284 807 3365 igne
829 3285 955 3364 sanari,
978 3284 1082 3346 animo

86 3386 339 3467 obversabatur,
360 3409 486 3470 neque,
515 3388 575 3449 nisi
595 3388 667 3473 quis
690 3386 852 3449 codicibus
876 3407 951 3449 usus
971 3385 1083 3472 fuerit,

88 3489 182 3554 aliter
201 3512 254 3554 res
276 3490 424 3576 expediri
443 3494 578 3577 poterit,
599 3493 626 3554 si
648 3491 779 3576 quidem
800 3500 878 3556 tunc
899 3492 1031 3576 poterit.
