2626 4768
670 431 892 499 ..1¹54-

281 604 380 666 lectio
401 599 553 680 tuomst,
588 602 715 666 codices
745 613 857 666 autem
878 604 1010 687 plurimi
1030 604 1250 667 consentire
1271 605 1296 664 xl

226 765 231 778 ,
282 707 401 768 dentur
433 708 466 766 in
496 706 626 766 nomine
661 705 929 786 Cillaborus,
962 729 1026 792 quo
1049 707 1260 789 allegorico
1280 715 1296 766 al

281 810 413 875 videtur
441 809 571 870 nomine
600 807 679 892 quid
698 809 842 872 Lucilius
874 809 1018 873 voluerit
1046 809 1216 871 discerni
1252 829 1296 870 nos

280 921 402 996 potest.
443 911 509 973 Sed
528 910 703 973 Diomedes
721 931 903 995 quanquam
923 911 956 972 in
973 931 1113 994 regnum
1138 922 1296 992 receptu

281 1014 398 1076 timens
430 1014 491 1074 sibi
519 1013 558 1074 ab
580 1015 690 1076 uxoris
720 1012 841 1075 insidiis
861 1014 989 1096 aufugit
1009 1035 1027 1075 e
1048 1015 1168 1096 patria
1197 1028 1243 1076 et
1264 1035 1296 1074 ua

280 1117 402 1199 rigavit
422 1118 455 1179 in
477 1117 610 1197 ltaliam,
632 1121 743 1180 Taetz.
758 1116 796 1178 ad
807 1115 884 1199 Lye.
901 1116 984 1198 4333
1006 1117 1083 1201 5923
1106 1117 1204 1201 5943
1233 1117 1296 1198 ⁶⁰3l

283 1213 440 1282 Chiliadd.
463 1220 516 1297 lll,
538 1219 597 1281 285
618 1237 705 1303 sqq.3
730 1218 827 1284 ovid.
848 1221 925 1280 Met.
946 1221 1034 1296 XlV,
1055 1219 1133 1300 478.
1159 1219 1296 1280 Antoni

280 1345 340 1384 nus
361 1321 434 1383 Lib.
457 1322 497 1388 37
518 1332 626 1383 autem
651 1343 726 1384 eum
747 1322 883 1384 invitum
903 1322 1008 1384 ventis
1029 1322 1063 1382 in
1086 1322 1239 1384 ltaliam
1262 1321 1296 1381 de

280 1425 381 1485 latum
404 1444 474 1486 esse
506 1423 593 1486 dicit.
635 1427 726 1486 Haeo
746 1426 968 1487 Romanorum
996 1425 1219 1507 scriptorum
1245 1426 1296 1486 vul

280 1529 364 1609 garis
385 1528 528 1589 narratio
550 1539 611 1606 est,
634 1525 741 1609 quiin
763 1535 951 1588 eo.tautum
970 1526 1057 1589 hune
1078 1527 1238 1591 fabulae
1261 1552 1293 1588 or·

280 1631 389 1692 dinem
409 1632 678 1710 inmutaverunt,
708 1642 746 1693 ut
765 1631 958 1694 Diomedem
979 1651 1053 1694 com
1073 1635 1208 1695 uxoris
1236 1634 1292 1693 fao

282 1750 364 1794 nora
387 1731 587 1808 rescivisset,
615 1731 647 1792 iu
667 1732 805 1815 patrium
825 1731 932 1794 redire
953 1733 1098 1794 uoluisse
1121 1731 1282 1794 dicerent

280 1833 322 1895 cf.
345 1834 437 1898 Serv.
459 1830 499 1893 ad
517 1835 600 1895 Aen.
620 1837 707 1914 Vlll,
729 1855 765 1919 93
786 1837 828 1913 X,
851 1837 905 1906 283
927 1837 983 1915 Xl,
1005 1836 1087 1920 2393
1116 1835 1209 1916 2685

220 1943 222 1948 '
280 1952 354 1994 eom
373 1953 447 1993 aum
470 1932 510 1993 do
523 1934 650 1996 Aetolia
667 1934 793 1996 venisse
813 1934 900 2013 dicit,
921 1948 995 1998 aute
1017 1935 1210 1998 adventum
1238 1939 1271 1998 ei

278 2039 313 2098 iu
346 2037 469 2096 ltaliam
498 2047 626 2118 patrem
659 2036 699 2098 ab
729 2051 769 2100 ao
790 2040 988 2102 vindicatum
1008 2061 1079 2104 esse
1103 2043 1288 2126 significare

279 2138 420 2217 videtur,
441 2139 501 2200 uisi
522 2141 628 2203 varios
649 2143 758 2223 potius
780 2139 889 2207 herois
911 2165 1002 2208 casus
1024 2154 1213 2230 antequam
1235 2150 1287 2206 lta·

277 2243 354 2304 liam
383 2246 551 2325 attigisset,
581 2247 731 2329 respicit3
758 2259 882 2311 'eorum
914 2271 996 2312 uuus
1025 2265 1236 2314 memoratur
1270 2271 1285 2308 a

278 2346 454 2408 Plutarcho
476 2348 595 2412 Parall.
616 2352 666 2428 23,
687 2351 881 2415 Diomedem
903 2353 944 2414 ad
954 2353 1088 2436 Libyam
1115 2354 1275 2435 delapsum

280 2470 348 2511 esse
372 2460 404 2512 et
424 2472 443 2511 a
463 2453 551 2533 Lyco
574 2453 642 2514 eius
663 2458 803 2537 regionis
826 2477 921 2540 rege,
954 2460 1010 2542 qui
1042 2457 1196 2540 hospites
1222 2456 1280 2515 lm·

276 2552 402 2614 molare
425 2551 666 2632 consuevisset,
698 2569 827 2638 captum
849 2580 866 2619 a
887 2557 952 2620 fllia
973 2579 1052 2620 vero
1075 2559 1149 2620 eius
1171 2557 1284 2618 libera·

276 2663 346 2714 tum
367 2674 450 2717 esse.
489 2656 564 2717 Huc
592 2677 723 2742 quoque
752 2657 871 2720 referri
891 2670 1065 2742 poterunt,
1089 2682 1178 2743 quae
1205 2655 1285 2741 apud

277 2757 466 2816 Pausaniam
488 2759 512 2835 l,
535 2761 624 2848 28,9
645 2760 799 2840 leguntur
828 2760 869 2821 de
889 2760 1055 2822 Diomedis
1082 2759 1242 2822 adventu
1262 2760 1289 2818 iu

276 2855 430 2934 Atticam,
465 2854 506 2917 de
533 2875 640 2939 pugna
668 2860 755 2921 inter
783 2861 889 2943 ipsum
921 2870 956 2922 et
983 2861 1288 2943 Demophoontem,

277 2980 350 3022 cum
380 2958 495 3043 quibus
523 2961 585 3022 alia
614 2962 894 3044 coniungebantur
915 2963 954 3025 ab
976 2965 1113 3048 antiquis
1138 2963 1183 3026 de
1211 2967 1286 3046 Hip·

275 3063 380 3144 polyti
401 3062 499 3123 sacris
522 3074 556 3124 et
583 3061 623 3124 de
644 3062 798 3124 institutis
827 3063 910 3126 ludis
931 3065 1087 3148 Pythicis,
1117 3065 1166 3132 of.
1189 3069 1285 3131 Paos.

276 3167 333 3244 111,
354 3169 406 3244 32,
432 3191 456 3245 1,
479 3175 513 3229 et
534 3187 567 3228 a.
1074 3247 1076 3256 s

289 3331 292 3334 .
353 3251 449 3363 'Quae
472 3269 513 3331 de
535 3269 675 3334 adventu
696 3273 862 3336 Diomedis
890 3277 924 3337 in
951 3277 1074 3337 ltaliam
1103 3278 1284 3340 narraban-

278 3383 347 3448 tur,
381 3392 398 3431 e
421 3373 552 3434 Timaeo
575 3381 609 3432 et
628 3375 715 3456 Lyco
745 3386 899 3458 repetere
920 3379 1051 3440 videtur
1072 3381 1223 3442 Taetzes
1250 3379 1281 3442 ad

276 3473 437 3566 Lycophr.
466 3473 543 3554 6033
571 3475 648 3545 6253
681 3475 758 3560 6193
787 3471 946 3541 Dauniam
976 3481 1168 3562 occupavit,
1191 3494 1296 3565 posly

258 3599 375 3660 ·quam
396 3572 545 3659 pactione
573 3590 700 3658 partem
729 3580 814 3640 illius
836 3593 943 3644 terrae
965 3604 983 3640 a
1006 3601 1083 3664 rege
1103 3583 1231 3647 Dauno
1257 3599 1283 3646 et

276 3677 376 3740 filiam
405 3678 472 3739 eius
502 3699 636 3740 uxorem
663 3694 849 3762 acceperat,
882 3695 920 3743 ut
954 3681 1090 3745 Ovidius
1111 3684 1195 3749 Met.
1217 3686 1281 3749 l.l

278 3782 331 3860 ait,
354 3801 371 3842 e
392 3803 455 3866 qua
486 3780 566 3843 duos
598 3780 661 3863 ipsi
692 3780 776 3843 filios
812 3793 904 3856 natos
933 3803 1005 3846 esse
1032 3783 1220 3846 Diomedea
1252 3797 1280 3849 et

277 3885 528 3968 Amphidomum
561 3883 661 3946 tradit
692 3886 874 3948 Antoninus
906 3885 978 3947 Lib.
1006 3886 1029 3946 l.
1050 3887 1091 3956 l.;
1111 3921 1153 3933 —
1175 3889 1277 3950 Sedes

278 3988 357 4050 novi
380 3988 471 4070 regni
482 3988 664 4070 Argyrippa
679 3985 721 4046 ab
729 4008 773 4047 eo
793 3986 922 4048 condita
949 3986 1046 4048 fuisse
1068 3986 1200 4067 dicitur,
1223 3990 1277 4050 sed

279 4089 464 4171 complures
485 4089 565 4152 aliae
587 4089 685 4152 urbes
713 4088 753 4150 ad
775 4109 848 4152 eum
875 4090 1012 4170 origines
1045 4109 1117 4150 suas
1152 4090 1275 4154 refere-
