2626 4768
417 393 642 458 ..109-

17 575 123 638 bulae
144 567 290 636 ordinem
312 557 480 648 pertinere
501 561 535 622 id
548 555 760 621 'iudicandum
774 569 834 636 est,
856 555 946 641 quod
959 551 1031 619 oral-

17 680 139 743 culum
171 672 267 734 armis
300 668 340 732 ab
372 690 413 730 eo
442 670 589 728 invasum
617 685 688 726 cese
721 663 850 725 dicitur.
891 661 1027 724 Divinus

18 781 134 840 honos
149 771 283 836 'nonnisi
303 769 539 854 posterioribus
569 765 770 849 temporibus
797 763 891 825 heroi
914 784 932 824 a
952 765 1032 824 Del-

18 885 131 970 phicis
154 880 314 943 exhibitus
336 891 403 956 cst,
425 889 603 960 propterea
624 873 713 958 quod
734 873 895 955 inpugna
916 878 1032 932 contra

24 987 145 1050 Gallos
167 980 321 1043 auxilium
349 979 387 1040 iis
414 979 558 1056 tulisset,
586 979 681 1039 Paus.
703 976 727 1054 I,
748 979 778 1051 4,
799 979 836 1054 43
859 973 899 1050 X,
921 973 970 1048 23,
992 985 1031 1050 ας

22 1089 216 1169 sepulcrum
230 1103 362 1168 quoquc
382 1083 470 1142 iussu
486 1082 608 1144 oraculi
622 1082 651 1141 ei
665 1077 831 1140 conditum
845 1085 904 1154 est,
926 1074 1032 1137 Strab.

21 1193 88 1267 lx,
108 1213 140 1273 p.
159 1189 230 1264 olo,
252 1187 291 1248 Α.
311 1181 353 1230 ’-
373 1184 493 1246 Heleni
513 1185 547 1244 in
567 1183 669 1265 Epiro
692 1181 854 1264 regnantis
876 1179 1035 1274 memoria

20 1297 119 1358 clara
152 1300 239 1354 extat
259 1289 389 1371 Virgilii
418 1289 569 1363 carmine,
602 1288 646 1354 cf.
665 1289 747 1348 Aen.
771 1289 826 1364 lll,
849 1287 918 1370 295,
951 1286 1034 1349 adde

23 1399 140 1475 Heyn.
161 1412 229 1455 exc.
253 1393 282 1452 X
304 1389 344 1450 ad
364 1391 525 1478 Aemili,
548 1389 731 1469 Stephanus
751 1391 829 1470 Byz.
852 1409 877 1448 s.
898 1409 929 1451 v.
951 1383 1036 1449 Βόλ-

23 1505 85 1572 λις
104 1498 186 1562 banc
208 1495 331 1576 lllyrici
351 1492 465 1556 urbem
487 1514 504 1552 a
526 1491 777 1574 Myrmidonibus
804 1493 967 1554 conditam
990 1511 1037 1552 es-

21 1621 62 1660 se
88 1596 200 1658 tradit.
222 1593 373 1654 -Idem
394 1614 420 1654 s.
442 1613 472 1654 v.
488 1587 587 1656 Ἴλιον
609 1593 676 1655 eius
698 1595 835 1656 nominis
858 1595 973 1656 urbem
998 1594 1037 1655 ab

21 1699 163 1762 Heleno
184 1697 218 1756 in
239 1695 340 1777 Epiro
364 1693 525 1754 conditam
557 1714 627 1754 esse
657 1679 772 1772 tradit,
802 1707 835 1755 et
864 1695 998 1768 alteram
1021 1717 1039 1752 a

24 1796 187 1862 Cestrino
210 1793 330 1854 Heleni
357 1793 425 1855 lilio
453 1794 487 1854 in
508 1793 703 1876 Thesprotia
733 1791 894 1854 conditam
915 1813 1038 1854 memo·

24 1915 87 1965 rat
107 1922 132 1962 s.
153 1919 185 1961 v.
207 1894 408 1975 Καμμανία.
449 1895 647 1958 Phoenicem
670 1897 726 1979 qui
747 1917 820 1957 cum
841 1917 881 1958 eo
909 1896 1040 1978 naviga·
1088 1893 1092 1906 '

25 2011 131 2068 verat
157 2001 191 2062 in
219 2001 337 2062 itinere
369 2005 535 2062 mortuum
566 1996 607 2059 ad
636 1998 843 2080 Strymonem
874 1997 1038 2081 sepelivit,

31 2111 151 2168 Tzetz.
173 2101 212 2163 ad
232 2103 310 2184 Lyc.
331 2106 402 2183 417.

119 2217 383 2287 Philoctetae
418 2224 451 2286 in
491 2207 613 2287 ltaliam
648 2222 823 2287 adventum
854 2223 1041 2310 complures

27 2333 189 2386 auctores
211 2335 393 2412 memorant
413 2335 447 2386 et
468 2325 610 2407 plurium
643 2321 773 2386 urbium
804 2325 943 2406 origines
966 2323 1042 2384 inde

24 2437 242 2508 repetuntur.
270 2424 420 2486 Petiliam
441 2425 481 2486 ab
503 2447 542 2488 eo
566 2436 599 2488 et
615 2426 782 2488 Crimisem
805 2425 949 2487 conditas
971 2445 1042 2486 esse

23 2533 115 2595 dicit
136 2529 255 2595 Strabo
276 2529 332 2606 Vl,
361 2549 394 2610 p.
424 2528 493 2612 390,
523 2539 695 2612 postquam
715 2528 899 2590 Moeliboea
930 2525 1043 2609 profu·

23 2637 154 2719 gisset3
178 2651 219 2701 ex¹
228 2628 423 2710 Apollodori
444 2639 553 2692 autem
573 2631 809 2693 commentariis
830 2629 946 2709 refert,
967 2651 1043 2693 eum

22 2751 64 2808 in
102 2739 363 2802 Crotoniatarum
396 2756 509 2819 agrum
541 2737 667 2800 venisse
702 2745 737 2799 et
768 2737 884 2798 urbem
915 2735 1041 2801 Chonin

31 2847 226 2914 condidisse
247 2855 379 2928 praeter
394 2845 570 2924 Crimisam,
594 2845 635 2905 cs.
658 2865 740 2927 quac
762 2845 803 2907 ad
822 2848 898 2928 Lyc.
921 2868 976 2930 9¹¹
1003 2867 1043 2908 ex

29 2947 253 3030 Euphorione
275 2945 373 3008 affert
387 2949 524 3008 Taetzes
538 2960 572 3008 et
583 2946 714 3008 Servius
734 2935 773 3007 ad
787 2948 868 3008 Aen.
888 2951 941 3026 lll,
962 2927 1042 3026 401}

29 3048 195 3112 Macellac
209 3065 340 3132 quoque
352 3047 554 3110 conditorem
568 3069 641 3109 eum
651 3047 792 3126 tradunt,
807 3052 909 3110 Trete
919 3047 957 3108 ad
967 3049 1047 3130 Lyc.¹

26 3171 93 3235 9¹¹
120 3155 154 3208 et
174 3147 286 3231 Steph.
299 3151 376 3230 Byz.
398 3167 422 3208 e.
435 3168 466 3210 v.
488 3144 667 3225 Mduella3
689 3151 859 3230 Aegeetam
880 3159 988 3209 autem
1010 3147 1044 3208 ln

26 3251 149 3316 Sicilia
181 3252 283 3312 missis
318 3250 357 3311 ab
392 3269 431 3313 eo
465 3251 558 3312 sociis
591 3251 746 3334 originem
771 3249 891 3313 debere
921 3251 1043 3330 serunt,

27 3353 148 3418 Strab.
177 3354 199 3418 l.
221 3353 375 3433 tetv1,
396 3375 431 3438 p.
465 3357 535 3426 418.
573 3355 625 3417 De
646 3367 753 3417 morte
775 3357 843 3420 eius
866 3355 908 3418 cl.
931 3359 1045 3422 Tecta·

28 3458 77 3520 ad
101 3457 181 3536 Lyc.
202 3475 272 3538 pan.
372 3451 376 3458 '

120 3557 418 3622 De'ldcmeneo
451 3582 517 3622 non
547 3561 644 3645 longe
674 3562 829 3626 absimilia
861 3577 1046 3632 narrentur.

26 3670 170 3728 Leucus
199 3653 329 3746 quidam
358 3687 456 3750 quem
482 3666 551 3750 ipse
582 3667 778 3732 educaverat
799 3687 816 3728 a
838 3667 977 3751 Nauplio
999 3663 1046 3728 in·

28 3767 177 3847 stigatus
198 3763 326 3826 Medam
346 3787 480 3829 uxorem
501 3767 588 3851 regis
615 3769 663 3831 uti
683 3767 785 3831 filium
806 3767 970 3852 filiamque
994 3789 1047 3831 cc·

31 3869 141 3950 cidit,
176 3870 347 3954 ipsumque
368 3869 524 3933 reducem
545 3891 647 3956 regno
669 3869 780 3954 clarita
813 3869 855 3938 cl.
877 3875 987 3935 Teate.
1011 3869 1051 3934 etl

24 3974 115 4052 Lye.
143 3989 232 4049 1217,
253 3971 333 4034 adde
355 3993 437 4054 quae
460 3971 499 4034 ad
520 3994 552 4037 v.
573 3975 630 4044 431
660 3973 773 4054 tradit,
804 3993 869 4056 quo
891 3971 963 4037 lucu
984 3992 1046 4059 pro

26 4077 156 4135 Leuce
178 4071 238 4133 illo
260 4073 437 4136 secundum
459 4073 538 4138 elios
559 4085 597 4140 ut
616 4071 747 4140 videtur
768 4075 923 4158 Amycum
948 4094 1048 4160 quam
