2626 4768
466 391 690 486 ..101⁸-

68 561 225 626 Patroclo
259 559 291 622 ei
321 559 499 640 restitisse,
536 561 672 622 Taetzes
706 559 746 620 ad
766 561 844 640 Lyc.
878 557 938 624 aod
970 575 1078 626 autem

72 671 218 732 Graecos
239 663 322 726 adeo
344 671 382 725 nt
402 663 435 724 in
454 662 625 726 Boeotiam
647 662 795 726 redirent
822 663 863 726 ab
884 685 924 730 eu
946 679 1077 730 coactos

70 787 144 832 esse
177 765 288 830 tradit.
330 765 442 846 Dictys
476 764 572 834 etiam
600 763 710 830 fratris
741 764 879 848 Telephi
911 769 1078 834 Teutrauii

69 870 227 950 meminit,
250 887 348 951 quem
362 867 443 932 Aiax
464 867 496 930 in
520 887 558 929 ea
578 887 686 952 pugna
707 867 895 939 occidissem
918 868 1079 934 Thersan-

69 975 169 1038 drum
188 973 220 1036 in
241 973 280 1052 iis
302 974 358 1057 qui
379 973 412 1036 in
434 991 554 1056 equum
570 971 789 1036 ascendissent
806 988 967 1041 recenset.
997 977 1078 1040 Cru-

71 1088 181 1142 entam
202 1086 311 1140 autem
332 1097 402 1138 eam
423 1089 619 1160 pugnamet
650 1089 793 1140 atrocem
826 1078 976 1142 traditam
1006 1100 1077 1142 esse

75 1184 193 1266 apertis
221 1182 331 1248 verbis
352 1181 567 1244 Philostratus
600 1195 634 1246 et
654 1183 766 1265 Dictys
799 1181 1023 1248 demonstrant
1044 1195 1079 1250 et
1106 1244 1109 1250 .

73 1285 229 1367 frequens
251 1284 390 1345 aliorum
411 1282 496 1344 fama
517 1281 671 1346 declarat.

155 1387 234 1448 Post
256 1405 325 1446 eam
346 1403 484 1468 pugnam
507 1385 619 1468 Dictys
641 1399 767 1466 narrat,
796 1387 945 1451 Herculis
975 1388 1078 1454 lilium

76 1498 109 1546 et
128 1495 276 1569 nepotes,
299 1485 356 1571 qui
375 1485 410 1546 in
433 1485 580 1548 exercitu
593 1486 794 1550 Graecorum
811 1502 914 1569 erant,
935 1487 1077 1554 confisos

72 1592 199 1674 generis
222 1589 380 1654 affinitate
402 1589 441 1652 ad
464 1587 647 1673 Telephum
666 1592 805 1670 venisse,
838 1610 966 1654 causam
995 1591 1078 1654 belli

73 1695 245 1778 sociusque
267 1694 297 1755 ei
318 1711 502 1772 enarrasse,
534 1693 705 1776 ipsumque
740 1707 777 1756 ut
798 1715 833 1758 se
856 1715 929 1758 cum
951 1695 1074 1757 Atridis

9 1833 12 1840 ι
74 1795 298 1876 coniungeret,
329 1789 476 1856 hortatos
507 1812 588 1856 esse.
629 1794 696 1859 Sed
724 1795 888 1878 Telephus
920 1795 1002 1858 belli
1023 1818 1075 1858 so·

74 1897 233 1977 oietatem,
256 1897 330 1979 quia
351 1915 452 1978 gener
471 1896 592 1956 Priami
613 1905 715 1977 esset,
735 1899 909 1976 recusavit,
931 1899 1075 1972 Graecos

75 2007 181 2058 autem
203 2017 314 2058 omnes
336 1995 374 2058 ad
395 2017 430 2058 se
453 1995 585 2058 deduxit
598 2006 640 2059 *et
660 1997 801 2080 hospitio
819 1998 907 2060 laute
930 1998 1073 2081 excepit,

68 2105 341 2178 'cumquerentus
359 2096 514 2159 adversus
535 2093 642 2176 ilaret,
665 2096 795 2160 edocuit
816 2118 883 2175 eos,
903 2119 990 2160 nune
1009 2121 1076 2162 uon

77 2217 146 2259 esse
183 2198 306 2260 itineris
334 2199 369 2260 iu
400 2201 532 2262 Troiam
572 2212 700 2285 tempus
737 2202 796 2264 sed
828 2201 955 2264 initium
987 2205 1075 2266 veris

73 2311 243 2383 expectare
266 2323 321 2366 eos
341 2304 449 2385 iussit,
476 2305 529 2367 cui
551 2306 685 2367 consilio
709 2305 826 2368 Graeci
848 2305 1075 2386 obtemperau-

71 2413 120 2465 tes
142 2403 274 2466 domum
293 2407 419 2469 reversi
439 2415 526 2468 sunt.
557 2407 652 2470 Nune
667 2407 864 2491 Iphigeniam
878 2408 1075 2470 immolatam

75 2527 154 2585 esse,
178 2507 291 2590 Cypria
313 2508 453 2570 carmina
473 2508 665 2588 narrabant,
686 2510 800 2592 Dictys
821 2519 931 2573 autem
951 2509 1074 2572 discor·

75 2608 140 2690 dias
162 2611 265 2692 primo
293 2613 380 2672 inter
400 2611 584 2672 Menelaum
615 2621 650 2673 et
677 2612 969 2694 Agamemnonem,
1003 2623 1074 2672 turn

70 2708 159 2771 inter
179 2709 264 2772 hunc
286 2719 319 2774 et
332 2710 494 2776 Achillem
514 2711 664 2774 incidisse
685 2725 806 2792 narrat,
829 2710 945 2798 quiah
960 2711 1076 2794 Ulysse

67 2809 259 2892 ingratiam
281 2810 407 2874 reducti
438 2823 525 2876 sunt.
566 2812 669 2874 Simul
700 2813 801 2893 Aiax,
829 2813 1006 2876 Diomedes
1039 2822 1075 2878 ct

68 2912 214 2976 Achilles
235 2897 333 2976 allato
355 2935 415 2998 per
435 2914 569 2998 Scythas
596 2915 722 2996 nuntio,
752 2917 910 2982 Troianos
940 2917 1079 3000 expedi·’

70 3019 193 3078 tionem
212 3017 246 3080 iu
268 3019 436 3080 Graeciam
457 3037 583 3101 parare,
612 3039 738 3082 summo
768 3039 869 3101 opere
892 3019 1070 3103 profectio-

67 3145 144 3184 nem
164 3124 378 3201 maturabant,
399 3137 432 3187 et
449 3124 582 3206 Scythas
604 3123 702 3184 duces
726 3120 850 3186 itineris
873 3119 1078 3202 delegerant,

68 3246 146 3288 cum
177 3223 342 3308 Telephus
362 3224 493 3288 advenit
515 3224 655 3286 monitus
675 3222 819 3300 oraculo,
850 3220 939 3304 quod
957 3223 1075 3284 vulnus

67 3331 141 3391 eius
172 3328 310 3391 fortasse
342 3337 482 3412 propter
507 3330 588 3391 iram
608 3324 746 3402 Bacchi,
779 3344 877 3406 quem
904 3341 1011 3406 pugna
1041 3323 1075 3384 iu

66 3435 164 3497 vinea
185 3432 355 3518 commissa
376 3431 570 3510 offenderat,
592 3427 635 3496 cf,
656 3427 766 3492 Schol.
788 3428 823 3492 11.
850 3451 881 3501 α,
910 3427 962 3510 59,
994 3449 1075 3490 non·

66 3535 133 3599 nisi
154 3533 254 3597 abeo
275 3535 331 3618 qui
356 3534 439 3596 illud
464 3533 631 3599 inflixisset
659 3531 764 3594 sanari
783 3551 881 3614 posse
917 3531 1076 3598 edixerat.

64 3633 217 3698 Achilles
238 3632 384 3696 Chironis
407 3630 582 3712 discipulus
614 3634 723 3716 itaque
745 3649 819 3692 cum
839 3628 1014 3694 Machaona
1038 3640 1072 3694 et

63 3739 234 3804 Podalirio
267 3739 456 3806 medicinam
489 3739 619 3804 vulneri
652 3737 841 3800 adhibentes
875 3759 951 3800 eum
984 3757 1074 3796 sana·

63 3856 198 3909 verunt.
239 3844 326 3906 Haec
347 3863 400 3904 res
422 3842 566 3926 inprimis
588 3841 785 3926 tragicorum
807 3839 1000 3904 carminibus
1022 3859 1075 3902 ee·

64 3948 196 4012 lebrata
229 3947 312 4026 fuit,
345 3959 411 4009 tres
446 3948 588 4010 Graecae
629 3945 814 4028 tragoediae
846 3944 1009 4027 principes
1041 3944 1076 4006 in

70 4052 188 4116 eodem
210 4064 400 4138 argumento
427 4055 549 4118 versati
567 4066 657 4133 sunt,
687 4065 721 4116 et
741 4051 879 4135 Telephi
910 4050 1006 4114 titulo
1028 4051 1074 4113 fa-
