2722 4776
658 339 859 400 ..72-

259 529 368 596 neque
387 507 552 572 subditum
571 507 633 572 ulli
653 508 713 572 scd
733 527 792 572 suo
812 501 912 592 ipsius
934 509 1070 572 arbitrio
1102 526 1172 575 et
1206 512 1324 574 lubit

262 612 471 676 idomeneum
490 607 575 670 idem
596 615 685 692 (pag.
704 606 780 693 679)
801 607 843 671 de
863 631 989 672 summo
1021 611 1225 696 imperio
1266 635 1323 674 cm

259 715 502 798 Agamemnone
521 712 624 796 egisse
644 720 765 791 narret,
786 721 821 776 et
840 721 880 774 ut
898 735 974 796 pars
995 727 1087 780 certe
1122 719 1235 780 sibi
1256 741 1322 781 cor

262 817 437 882 cederetur
457 816 650 899 postulasse.

343 921 380 980 ln
401 918 519 982 celcris
539 917 673 980 ducibus
695 917 920 980 enumerandis
940 920 1127 1001 scriptores
1165 923 1251 983 illi
1278 947 1318 1005 pa

260 1049 335 1093 rum
355 1024 565 1106 dissentiunt,
585 1023 646 1084 nisi
659 1022 748 1107 quod
758 1024 910 1105 Hyginus,
931 1024 959 1083 ei
978 1022 1064 1105 apud
1076 1025 1316 1088 Homer-un

260 1132 372 1218 plures
394 1127 493 1189 duces
513 1125 617 1208 gentis
639 1124 773 1186 alieuius
794 1125 894 1189 hriase
920 1125 1092 1204 dicuutur,
1129 1130 1315 1212 singuli

262 1241 389 1296 certum
410 1227 539 1290 navium
559 1245 730 1288 numerum
760 1226 890 1306 tribuit,
921 1235 959 1288 ut
977 1229 1222 1291 Boeotorum
1254 1233 1312 1293 du

261 1335 369 1412 cibus,
401 1345 438 1395 ut
458 1329 600 1406 Achilli,
627 1327 784 1390 Phoenici
814 1337 912 1414 atque
933 1331 1088 1390 Patroclo
1112 1332 1314 1417 aliisque

259 1437 351 1500 Idem
370 1437 462 1498 locus
475 1432 595 1518 Hygini
614 1453 681 1494 non
700 1451 793 1494 secus
814 1453 852 1494 ac
871 1433 929 1494 ille
950 1433 991 1495 de
1004 1433 1128 1494 Priami
1152 1437 1312 1501 liberis

258 1541 382 1604 mendis
404 1553 515 1618 scatet,
536 1558 619 1628 quae
639 1536 766 1598 facilius
786 1550 895 1599 tamen
917 1551 951 1600 et
963 1538 1084 1598 certius
1096 1540 1191 1601 tolli
1211 1565 1312 1624 pos·

259 1658 353 1724 suut,
372 1651 411 1704 ut
430 1642 484 1703 hic
505 1643 674 1703 emendata
695 1638 795 1701 verba
814 1641 954 1701 auctoris
975 1640 1170 1703 adscribere
1212 1646 1305 1708 lon-

259 1763 336 1827 gum
356 1742 516 1806 videatur.
540 1743 657 1824 Neque
677 1741 710 1802 in
731 1741 856 1802 Ioannis
875 1743 951 1804 hlal.
972 1741 1081 1803 verbis
1102 1742 1199 1804 vitia
1232 1747 1303 1808 de·

260 1855 337 1908 sunt
347 1867 357 1925 3
391 1845 498 1904 omissi
520 1845 604 1904 enim
625 1852 701 1905 sunt
722 1843 804 1904 Aiax
825 1841 930 1920 Oilei,
958 1842 1111 1925 Thalpius
1137 1854 1177 1904 et
1222 1851 1295 1910 Di.

257 1937 351 2025 or'es,
371 1945 552 2009 Podalirius
574 1955 608 2006 et
623 1945 803 2022 Machaon,
833 1945 1018 2026 Eurypylus
1050 1952 1085 2005 et
1105 1945 1288 2032 Guneus5

258 2057 330 2143 quis
361 2059 442 2119 vero
469 2065 518 2118 est
548 2056 627 2134 ille,
661 2075 758 2136 quem
790 2053 943 2128 nominat,
963 2050 1206 2138 Ἀμφιγενεάις
1234 2060 1280 2134 ἐξ

255 2156 352 2224 Ἰλίου
383 2159 444 2221 nisi
464 2156 560 2232 Αἴας
578 2157 712 2231 Οιλέως,
733 2156 815 2216 illud
844 2168 953 2218 autem
977 2161 1142 2242 Λμφιγεν
1169 2162 1272 2242 quod

258 2271 466 2346 superstuum
481 2260 644 2338 adhaeret,
666 2258 753 2322 aliud
770 2259 879 2321 nescio
892 2260 981 2344 quod
992 2281 1112 2324 nomen
1122 2261 1249 2340 obtegit,

256 2365 303 2428 lta
315 2383 446 2448 quoque
461 2359 606 2445 Σώρθης
618 2361 792 2424 absurdum
804 2382 931 2441 nomen,
943 2361 1033 2444 quod
1043 2359 1247 2442 antePhidip-

255 2480 335 2546 pum
357 2470 391 2524 et
411 2460 588 2542 Antiphum
609 2461 735 2522 allitum
756 2473 817 2539 est,
836 2461 971 2524 Dionem
990 2461 1107 2540 innuit,
1126 2457 1177 2521 sed
1191 2469 1272 2536 aut⁴

256 2564 453 2646 negligentia
473 2561 598 2624 librarii
618 2573 674 2624 aut
704 2560 828 2624 incuria
858 2559 998 2621 auctoris
1024 2558 1258 2621 contaminavit

255 2661 394 2727 heroum
415 2664 561 2743 nomina3
582 2663 638 2724 ille
658 2663 767 2746 igitur,
788 2661 845 2746 qui
864 2661 1014 2722 Mulelam
1042 2661 1258 2743 imposterum

256 2764 347 2846 edet,
384 2764 547 2850 quomodo
581 2775 772 2848 corruptum
796 2765 903 2826 locum
924 2761 1092 2840 restituat,
1125 2761 1259 2826 viderit.

254 2867 388 2936 Addunt
407 2869 530 2952 Dictys,
552 2869 696 2950 Hyginus
717 2878 751 2930 et
772 2868 902 2928 Malelas
921 2867 980 2944 iis,
1002 2865 1058 2949 qui
1079 2863 1113 2924 in
1132 2865 1256 2928 Home·

253 2971 323 3037 rico
338 2970 483 3052 catalogo
493 2981 714 3047 recensentur,
734 2967 951 3046 Palamedem,
972 2989 1068 3052 quem
1077 2966 1254 3048 Euripides

143 3087 148 3096 ·
254 3071 386 3164 qhoque
404 3073 568 3156 uominst3
592 3073 799 3136 Calchantem
813 3073 938 3154 deinde,
958 3074 1015 3156 qui
1028 3074 1082 3136 vel
1103 3077 1250 3136 exhoar-

251 3177 346 3238 nania
368 3197 441 3239 cum
462 3176 576 3259 viginti
595 3177 650 3239 vel
672 3175 808 3240 Thricoa
837 3197 910 3240 oum
931 3178 1140 3262 quadraginta
1159 3178 1249 3240 navi-

252 3281 312 3344 bus
334 3260 480 3363 venerit}
507 3279 678 3342 Pausanias
701 3301 831 3364 quoque
853 3283 893 3360 (l,
913 3283 964 3359 43,
989 3288 1016 3356 ι)
1038 3283 1247 3363 Agamemno-

251 3407 327 3446 nem
347 3406 421 3447 eum
441 3386 598 3468 Megaris,
631 3385 688 3445 ubi
716 3385 910 3467 habitasset,
944 3387 1111 3450 abduxisse
1133 3389 1244 3472 tradit3

252 3497 324 3548 tum
343 3490 507 3570 Mopsum,
529 3509 625 3572 quem
648 3487 842 3572 Colophone
863 3503 918 3552 aut
940 3513 957 3552 e
979 3491 1088 3552 Cilicia
1110 3475 1176 3552 cum
1195 3493 1243 3554 vi·

250 3593 331 3676 giuti
365 3589 498 3654 navibus
532 3591 703 3656 advectum
719 3615 806 3658 ‘esse
832 3594 983 3672 tradunt,
1015 3596 1056 3658 cf.
1077 3598 1180 3658 Taetz.
1200 3596 1239 3656 ad

250 3695 328 3776 Lyo.
349 3694 425 3776 9803
456 3692 576 3773 Epium
598 3691 737 3778 denique
758 3715 798 3756 ex
828 3695 939 3756 insulis
962 3693 1149 3778 Cycladibus
1168 3713 1236 3758 cum

252 3798 385 3880 triginta
404 3797 539 3863 navibus
561 3797 702 3881 addunt3
724 3800 828 3862 innuit
839 3803 926 3892 huno
944 3813 1037 3866 certe
1059 3813 1235 3884 corruptum

253 3901 368 3986 Hygini
389 3915 525 3966 nomen:
547 3901 676 3965 Phocus
692 3903 910 3987 arcl1itectus3
928 3904 1162 3995 Thessandrum
1178 3926 1232 3987 po·

127 4027 131 4032 ·
254 4013 375 4076 stremo
387 4005 546 4088 Polynicis
567 4003 669 4074 filiurn
691 4007 779 4070 solus
791 4008 902 4090 Dictys
918 4009 1033 4090 Cypria
1048 4010 1230 4078 carminasc-
