2722 4776
501 415 703 480 ..21-

102 583 206 650 Minoi
233 584 267 646 in
293 601 395 666 regno
422 581 618 666 srrccessisse
653 577 803 643 concludi
836 599 932 663 posse
965 575 1107 642 videtur.

99 689 268 752 Diodorus
290 698 399 748 antem
418 689 452 746 in
472 685 569 748 rebus
584 686 789 748 Cretensium
811 683 977 748 narrandis
999 683 1107 745 varios

100 804 254 855 auctores
274 801 407 854 secutus
429 801 499 870 est,
526 813 666 876 quorum
695 802 837 875 quatuor
867 791 938 874 ipsc
967 791 1129 852 nominat.

103 895 292 972 Dosiadem‚
314 893 519 972 Sosicratem,
544 894 795 960 Laosthenidem
818 909 851 958 et
871 894 1109 977 Epimenidem,

104 1009 145 1064 ut
165 1001 284 1062 mirum
305 1019 370 1060 non
391 997 443 1075 sit,
463 998 491 1058 si
512 1007 628 1058 cuncta
649 1017 732 1080 quae
753 1011 864 1058 narrat
885 1019 951 1060 non
973 1017 1111 1079 congru·

108 1118 176 1168 aut.
218 1105 270 1166 sic
295 1103 431 1164 Atreum
453 1123 604 1184 regnasse
627 1101 705 1164 dicit
730 1111 807 1185 post
826 1102 940 1164 Minois
961 1113 1112 1180 mortem,

107 1219 145 1270 ut
175 1205 396 1289 Apollodorus
427 1207 449 1268 l.
472 1207 492 1268 l.
515 1226 543 1284 a,
565 1205 593 1286 §.
615 1207 646 1284 3,
675 1205 731 1288 qui
764 1212 873 1266 tamen
894 1204 957 1266 alio
979 1224 1111 1288 quoque

105 1307 222 1370 ordine
245 1307 381 1368 Atreum
403 1308 544 1386 primum
565 1314 602 1365 ut
623 1315 701 1366 natu
722 1305 895 1366 maximum
920 1305 1029 1388 ponit,
1059 1304 1114 1366 de·

102 1404 182 1466 inde
215 1402 461 1466 Deucalionem.
512 1402 662 1463 Sturzius
700 1399 740 1462 ad
769 1399 909 1463 Pherec.
946 1420 1019 1483 pag.
1056 1401 1112 1480 187

104 1505 314 1570 Deucalionis
335 1497 473 1568 matrem
503 1505 686 1590 Pasiphaen
715 1517 770 1568 aut
793 1505 923 1566 Cretam
945 1504 1044 1566 fuisse
1066 1503 1115 1565 di·

108 1615 165 1692 cir,
186 1614 274 1674 illam
298 1611 430 1696 quidem
452 1624 559 1692 recte,
580 1635 645 1676 non
669 1622 777 1676 tamen
797 1612 897 1692 hanc,
920 1633 1003 1698 quae
1024 1613 1115 1674 Deu-

105 1714 241 1778 calionis
263 1712 330 1775 lilia
350 1713 424 1779 luit.
451 1713 493 1777 cl.
516 1715 673 1797 Apollod.
705 1717 761 1792 ΙΙΙ,
783 1715 812 1794 3,
838 1739 864 1781 ι.
907 1717 1046 1775 'I'zetzes
1072 1713 1114 1774 ad

108 1819 189 1898 Lyc.
224 1818 283 1885 431
332 1815 497 1878 Idomenei
534 1830 670 1878 matrem
714 1814 922 1898 Cleopatram
962 1816 1116 1878 nominat.

106 1919 316 1982 Deucalionis
338 1917 456 1981 deiude
478 1916 563 1979 lilius
594 1917 715 1979 nothus
737 1917 853 1980 Molus‘
867 1915 1003 1993 dicitur,
1026 1915 1064 1976 ll.
1087 1937 1116 1993 κ,

110 2021 180 2106 269.
201 2019 299 2084 Diod.
320 2021 363 2094 V,
392 2041 425 2101 p.
453 2020 533 2102 3953
560 2020 640 2080 Moli
667 2031 702 2096 et
727 2017 900 2100 Melphidis
931 2019 1031 2099 (Hyg.
1056 2024 1114 2100 77)

106 2121 173 2182 suit
191 2119 366 2180 Meriones.
388 2121 426 2181 ll.
448 2141 476 2197 ν,
508 2121 577 2200 247.
599 2117 712 2212 Quint.
733 2119 800 2182 Sm.
821 2121 909 2198 Vlll,
929 2119 1115 2205 409.Apol-

108 2221 177 2286 lod.
199 2223 220 2282 1.
242 2223 266 2284 l.

188 2317 292 2387 Filios
312 2323 435 2388 Atreus
454 2345 521 2387 non
541 2325 693 2412 reliquit,
723 2331 857 2406 praeter
877 2322 1118 2406 Althemenem‚

106 2425 163 2511 qui
183 2434 312 2508 patrem
330 2409 484 2510 ignorans
505 2431 652 2506 necavit,
673 2426 831 2509 Apollod.
854 2428 910 2504 lll,
933 2447 962 2506 a,
988 2453 999 2488 ι
1024 2437 1060 2490 et
1080 2447 1116 2508 ας

106 2543 142 2592 ct
163 2539 254 2590 terra
272 2529 406 2593 haustus
430 2543 493 2594 est:
515 2531 611 2593 Diod.
632 2533 675 2598 V.
695 2550 768 2612 pag.
791 2531 860 2613 377.
882 2531 995 2612 Dictys
1009 2541 1117 2592 autem

108 2633 249 2696 Atreum
272 2631 359 2693 domi
380 2642 574 2694 testamento
597 2633 684 2697 l'actc
706 2632 870 2717 rebusque
892 2631 1040 2695 omnihus
1053 2633 1116 2695 dis·

107 2734 223 2816 positis
247 2732 366 2796 obiisse
388 2744 508 2794 narrat.
550 2735 578 2794 F
580 2735 707 2794 iliarum
730 2733 800 2796 eius

191 2837 385 2919 Clymene
409 2839 548 2922 Nauplio
569 2839 717 2920 nupsisse
739 2838 889 2914 traditur,
909 2837 995 2900 unde
1016 2836 1117 2920 geniti

1 2933 4 2944 ’
107 2939 296 3004 Palamedes
318 2955 353 3004 et
375 2941 476 3020 Oeen,
498 2941 654 3025 Apollod.
676 2944 732 3021 ΙΙΙ,
756 2961 784 3022 a,
807 2957 843 3024 23
866 2942 975 3006 Schol.
1001 2942 1118 3026 Eurip.

112 3045 222 3106 Orest.
258 3052 318 3116 lma
347 3046 491 3128 (Matth.)
520 3048 609 3109 Alias
630 3047 760 3130 Nauplii
790 3068 907 3110 uxores
946 3057 1117 3110 enumerat

2 3128 10 3166 ²
112 3148 334 3227 Apollodorus
357 3152 396 3228 ll,
413 3175 438 3227 ι,
461 3151 490 3230 5,
508 3150 538 3231 ᾗ.
557 3156 609 3230 143
633 3149 688 3212 uhi
707 3150 810 3214 lilium
831 3171 962 3237 quoque
983 3149 1117 3212 tertium

3 3267 4 3272 ’
110 3251 199 3316 addit
221 3254 517 3319 Nausimedcntem.

189 3357 381 3450 Aerope,
414 3379 496 3442 quae
517 3359 693 3423 Plisthenis
729 3383 813 3425 uxor
843 3356 972 3428 dicitur.
1018 3365 1116 3426 Hunc

7 3532 12 3550 ‚
110 3455 310 3518 Plisthenem
332 3457 372 3519 ah
395 3460 541 3521 Homero
563 3461 707 3543 ignorari
727 3462 924 3526 Scholiastcs
946 3477 981 3526 et
1001 3467 1117 3526 Eusta-

4 3554 15 3665 Γ
110 3563 194 3626 thius
216 3563 257 3626 ad
278 3566 315 3627 ll.
338 3589 369 3628 a.
393 3567 412 3634 7
433 3569 644 3645 contendunt,
667 3589 774 3652 neque
796 3569 997 3654 Thucydides
1021 3575 1063 3652 (Ι,
1080 3575 1115 3658 9)

4 3674 18 3758 '¹
109 3687 182 3730 eum
212 3689 388 3751 agnoscere
424 3671 564 3736 videtur.
604 3672 670 3736 Sed
699 3671 862 3734 Hesiodus
888 3693 963 3734 eum
990 3679 1117 3756 patrem

110 3771 358 3850 Agamemnonis
390 3781 423 3833 et
448 3772 605 3851 Menelai,
634 3792 835 3854 uxoremque
863 3771 931 3833 eius
961 3773 1115 3856 Aeropen

5 3853 19 3952 ⁰?
111 3874 208 3940 fuisse
231 3877 421 3954 tradiderat,
444 3879 558 3960 fragm.
582 3899 646 3941 suu.
668 3877 719 3941 ed.
741 3877 855 3957 Dind.;
877 3881 1017 3940 Tactnes
1039 3897 1112 3940 cum

12 3963 21 3998 l
109 3979 250 4040 Hesiodo
273 3981 471 4062 Aeschylum
493 3999 625 4064 quoque
655 3978 754 4059 huius
778 3977 820 4042 de
842 3979 1008 4042 Plisthene
1041 4002 1112 4042 nar·

107 4081 241 4142 rationis
263 4090 431 4144 auctorem
453 4080 570 4160 sileat,
601 4080 656 4164 qui
678 4079 810 4166 quidem
832 4081 1111 4160 Agamemnonem
