2722 4776
427 421 726 486 κ..13..

120 599 291 664 celebratis
312 595 377 660 illis
398 593 526 660 vatibus
547 587 731 658 habendum
753 613 822 656 essa
845 591 932 670 dixit,
955 593 1011 678 qui
1025 592 1124 654 Grae·

21 695 27 700 ’
120 705 200 764 ciam
229 715 419 784 peragrasse
456 711 488 760 et
517 697 722 758 humanitatis
758 698 971 782 culturaeque
1004 697 1124 758 semina

118 803 309 886 dispersisse
330 811 513 862 narrantur.
555 799 620 861 Sed
641 799 727 862 idem
748 799 799 863 vir
821 798 953 875 doctus,
982 797 1124 882 quinon

115 919 245 990 partem
280 903 450 990 quandam,
468 903 526 967 sed
559 905 742 970 universam
773 903 970 990 antiquitatis
1005 902 1125 965 doctri·
1205 933 1208 940 ·

115 1030 200 1083 nam,
224 1013 263 1070 ul
284 1009 393 1093 pauci,
425 1007 544 1089 ingenii
566 1006 777 1090 amplitudine
807 1001 1052 1092 complectitur,
1084 1006 1123 1068 il·

115 1115 183 1176 lam
205 1107 394 1197 rlrapsodiae
420 1109 525 1174 iliadis
547 1123 691 1193 partem,
728 1113 783 1196 qui
806 1114 970 1194 catalogus
994 1111 1124 1174 narium

117 1217 234 1278 dicitur
256 1238 274 1278 o
296 1215 392 1279 variis
415 1221 521 1278 aetate
545 1221 579 1276 et
610 1226 801 1297 argumento
834 1215 969 1280 diversis
1001 1214 1123 1278 laciniis

113 1318 371 1380 consarcinatam
394 1335 464 1379 esse
488 1313 641 1394 affirmat,
663 1315 776 1378 ethos
799 1316 886 1400 ipsos
908 1333 1032 1392 versus,
1054 1315 1124 1401 qui·

113 1411 174 1477 bus
198 1417 398 1500 Thamyridis
420 1415 576 1479 memoria
597 1413 755 1492 traditur,
784 1409 816 1477 in
838 1409 1067 1502 antiquissimis
1085 1417 1125 1480 il·

115 1517 176 1579 lius
199 1517 339 1602 catalogi
360 1519 506 1600 partibus
527 1512 691 1582 numerari
713 1509 845 1597 debere,
867 1515 960 1581 illum
981 1541 1124 1605 unquam

114 1619 405 1702 comprobaturum
426 1637 497 1682 esse
519 1613 644 1684 dubito.
687 1615 836 1680 Carmina
858 1635 948 1680 sacra
967 1621 1125 1681 antello·

115 1742 243 1783 merum
264 1719 363 1784 fuisse
386 1721 527 1784 dubitari
547 1721 676 1804 nequit,
699 1719 759 1783 sed
779 1711 946 1806 perpauca
967 1724 1060 1785 nobis
1083 1723 1125 1789 tle

113 1825 153 1891 iis
175 1831 251 1888 sunt
273 1827 417 1910 cognita3
450 1825 536 1910 apud
556 1829 738 1888 Homerum
766 1825 872 1908 ipsum
902 1825 1042 1909 plurima
1067 1827 1125 1894 lie·

113 1929 280 1990 reioorum
301 1928 479 1990 carminum
507 1927 643 2010 vestigia
665 1923 964 2009 deprehenduntur.
1004 1929 1125 1993 Utrum

114 2023 244 2113 bymni,
287 2049 369 2113 quos
397 2031 493 2122 Plato
526 2045 559 2093 et
586 2030 760 2091 Pausanias
793 2041 996 2111 memorant,
1030 2034 1124 2113 tales,

114 2133 228 2211 quales
250 2139 365 2212 postea
387 2129 605 2207 habebantur,
633 2128 763 2210 genuini
784 2127 921 2209 suerint,
943 2149 1006 2214 pro
1029 2141 1123 2196 certo

115 2233 274 2295 affirmari
295 2227 468 2296 nonlicet.
512 2235 634 2305 Breues
659 2251 715 2295 eos
736 2229 836 2295 fuisse
858 2247 964 2316 neque
988 2235 1123 2318 amplos,

114 2331 276 2415 simplices
299 2329 430 2396 omnino
452 2349 560 2418 neque
582 2333 651 2396 ullo
672 2329 750 2396 nco
773 2333 928 2396 orationis
951 2335 1052 2400 illitos
1074 2335 1123 2399 iu·

113 2434 250 2514 dicabit,
298 2439 500 2520 quicunque,
531 2453 628 2520 quam
655 2432 772 2500 breves
802 2437 1030 2522 simplicesque
1050 2437 1123 2505 sue·

111 2543 180 2602 rint
204 2537 290 2623 apud
311 2545 459 2625 antiquos
482 2539 592 2604 orandi
616 2543 794 2621 formulae,
818 2545 1019 2627 cogitaverit,
1061 2545 1123 2610 Ta-

114 2644 162 2705 les
184 2646 294 2727 itaque
315 2645 424 2706 Paean
457 2645 513 2706 ille
535 2655 569 2706 et
589 2645 699 2723 Linus,
736 2641 775 2726 η)
806 2647 917 2728 quiin
937 2648 1122 2714 Homericis

111 2742 308 2808 carminibus
331 2756 568 2826 memorantur,
597 2745 696 2808 luisse
715 2741 916 2809 credendum
945 2755 1004 2812 est.
1047 2751 1122 2814 Alia

111 2859 220 2908 sutem
253 2845 374 2908 maiora
408 2861 442 2910 et
472 2853 603 2912 certum
635 2867 748 2911 renum
781 2847 986 2934 complexum
1018 2857 1122 2918 conti-

111 2952 221 3013 nentia
242 2955 397 3036 carmina,
426 2973 509 3039 quae
532 2954 649 3020 deinde
671 2957 809 3041 antiquis
837 2957 900 3020 illis
922 2961 1028 3042 poetis
1049 2963 1122 3026 rul-

113 3059 197 3140 garis
217 3059 382 3124 hominum
404 3059 488 3126 fama
510 3063 684 3144 tribuebat,
707 3063 806 3128 debis
822 3083 882 3149 ego
897 3061 1061 3132 Herodoti
1079 3061 1118 3151 ¹⁴)

113 3161 267 3226 iudicium
288 3189 403 3231 verum
425 3189 498 3234 esse
520 3191 656 3249 censeo,
679 3174 916 3237 recentioribus
945 3195 981 3236 ea
1002 3174 1120 3258 poetis,
1196 3201 1200 3208 ·

111 3282 207 3349 quam
242 3266 306 3330 fun
335 3273 508 3354 Homerus,
542 3272 700 3360 originem
721 3297 810 3337 suam
850 3273 987 3358 debere3
1020 3277 1120 3362 idque

110 3421 399 3440 *Q

146 3526 181 3592 ¹³)
198 3525 284 3588 ll‘tt,
302 3532 364 3598 4723
386 3535 416 3588 0,
437 3527 498 3597 570,
518 3537 547 3586 et
559 3517 692 3606 Ιθρῆνος
710 3544 831 3608 quoquo
850 3530 884 3588 ll.
903 3543 940 3600 ot,
960 3551 1021 3606 par.

146 3633 180 3701 l⁴)
197 3633 229 3698 ll,
247 3633 288 3693 5&
323 3637 385 3710 Ego
409 3649 490 3692 certe
509 3642 621 3709 nescio,
650 3643 802 3716 quoruodo
822 3643 995 3702 Herodotus
1014 3643 1051 3698 tle
1069 3659 1118 3697 an·

176 3719 268 3793 tiquis
298 3723 357 3778 illis
385 3729 571 3798 temporibus
602 3741 660 3786 tam
692 3747 833 3804 perverse
861 3742 890 3786 et
917 3732 1018 3806 inepte
1044 3731 1119 3786 iudi·

176 3825 258 3864 casso
277 3809 454 3904 dicipossit,
473 3826 506 3870 ut
524 3815 599 3872 dixit
619 3819 665 3874 vir
683 3819 803 3888 doctus3
832 3835 898 3876 nam
927 3821 992 3876 cius
1022 3819 1117 3893 ipsius

178 3905 306 3960 auctoris
324 3907 423 3962 verbis
442 3920 472 3964 ct
488 3907 710 3968 narrationibus
722 3927 822 3968 omnes
833 3920 1016 3982 uttrntur‚'ut
1036 3929 1131 3988 quus‘

178 4011 259 4048 meae
278 3999 440 4052 sententiae
461 4002 612 4058 contraria
631 4012 692 4068 est,
719 4018 782 4058 eant
802 4003 963 4064 defendant
987 4009 1018 4060 et
1038 4021 1115 4060 eona·

177 4083 308 4156 probare
328 4083 465 4140 studeant
