2722 4776
465 411 667 494 „gp-

68 581 242 668 ἡγεμόνας
262 578 487 666 ἀθροίζουσιν
509 573 707 652 ἐπελθόντες
734 574 794 659 τὴν
811 573 964 654 tractem
986 597 1082 662 quam

69 688 146 770 ipse
167 685 290 768 Dictys,
313 683 376 744 etsi
396 680 599 744 recentiores
630 679 739 762 potius
762 693 911 742 auctores
942 680 977 742 in
1008 681 1083 743 reli·

73 790 151 875 quis
171 789 340 875 sequitur,
362 785 419 872 qisi
438 787 654 854 voluntariam
675 788 874 850 Graecorum
904 785 1083 871 expeditio·

70 913 151 953 nem
178 891 280 952 fuisse
301 891 496 974 plerumque
516 902 670 970 narrant,
698 889 831 974 oblique
861 890 979 971 innuit,
1009 912 1080 954 nam

73 995 117 1076 (l,
139 995 171 1073 5)
194 991 235 1054 ab
257 996 496 1074 Agamemnone
522 994 610 1056 iuter
640 993 801 1077 principes
830 1013 980 1076 magnum
1013 994 1081 1056 auri
1141 1072 1146 1081 Α

76 1098 210 1181 pondus
232 1097 370 1162 divisum
391 1120 462 1162 esse
482 1111 610 1178 narrat,
643 1121 709 1184 quo
737 1099 918 1182 paratiores
939 1099 1080 1162 omnium
1142 1166 1149 1181 ,

76 1202 175 1264 animi
195 1202 235 1262 ad
255 1202 380 1266 bellum
401 1213 522 1268 essent.
549 1203 702 1286 Adiungit
714 1201 898 1264 huicaliam
910 1203 1081 1286 rationem,

77 1325 191 1368 omnes
229 1305 314 1367 enim
339 1307 505 1389 principes
526 1326 546 1368 e
566 1325 687 1388 genere
708 1306 840 1387 Pelopis
869 1305 979 1391 sicque
1006 1305 1114 1370 con-¹

75 1405 324 1486 sanguinitatem
356 1404 501 1468 foederis
535 1425 662 1466 eausam
693 1404 793 1468 fuisse
823 1408 931 1474 tradit.
950 1441 991 1454 -
1011 1409 1082 1471 Alia

75 1507 161 1570 fama
181 1511 329 1592 Ulyssem
358 1509 502 1573 foederis
531 1515 698 1574 auctorem
727 1510 909 1595 designasse
941 1512 1081 1591 videtur,

71 1614 181 1697 ipsum
201 1617 288 1674 enim
315 1624 427 1675 'omues
457 1613 554 1678 duces
588 1614 703 1677 adiisse
730 1636 855 1706 suoque
885 1617 1020 1680 consilio
1041 1615 1080 1680 ad

72 1716 200 1778 bellum
232 1715 423 1798 perduxisse
457 1715 564 1778 refert
595 1721 710 1779 Treta.
737 1717 910 1782 Antchom.
938 1721 1011 1803 3⁰7·
1038 1717 1081 1782 cf.

73 1823 186 1884 loann.
206 1820 316 1882 Melet.
337 1816 409 1904 pag.
435 1821 501 1906 ¹³9·
529 1823 585 1882 Bis
608 1821 702 1902 Argis
726 1823 868 1885 Graecos
890 1823 1079 1886 convenisse

71 1925 188 2007 Dictys
207 1937 391 2002 memorat,
425 1924 469 1988 cf.
491 1927 531 2006 11,
552 1948 582 2012 q,
603 1929 709 2008 primo
738 1941 813 1990 ante
843 1929 969 1991 initium
990 1927 1079 2006 belli,

75 2037 146 2088 tum
167 2036 246 2109 post
266 2027 509 2107 expeditionem
527 2031 572 2089 ·in
591 2031 696 2111 Mysos
721 2029 807 2092 haud
839 2052 998 2114 prospere
1027 2051 1083 2114 ge·
1198 2053 1205 2062 ·

75 2136 182 2206 stam,
223 2127 364 2188 eundem
391 2129 503 2192 locum
532 2143 690 2194 memorat
728 2134 863 2196 Pausan.
896 2138 937 2213 ll,
967 2154 1015 2215 aa,
1052 2155 1080 2202 2.

78 2232 231 2313 Spartam
252 2233 306 2295 alii
325 2232 504 2316 nominant,
526 2239 636 2298 Treta.
658 2236 699 2299 ad
718 2239 796 2320 Lyc.
817 2259 871 2306 vs,
888 2244 947 2310 not
957 2261 968 2321 3
1003 2241 1079 2323 2053

75 2336 160 2421 3293
202 2359 299 2422 qnam
348 2339 683 2404 Lacedaemoniorum
723 2343 940 2404 narrationem
981 2342 1082 2404 fnisse

73 2438 244 2498 Pausanias
267 2441 326 2515 111,
350 2459 396 2518 ra,
418 2439 448 2518 6,
470 2431 567 2521 dicit,
597 2461 638 2503 eo
661 2461 793 2526 quoqne
821 2441 879 2518 sed
904 2443 1008 2524 prima
1038 2443 1080 2506 de
1105 2487 1108 2502 .

70 2553 172 2634 'rapta
186 2543 314 2604 Helena
335 2540 420 2603 fama
441 2544 597 2608 excitatos
613 2544 756 2607 Graecos
777 2543 940 2626 principes
962 2562 1080 2610 conve-

79 2646 165 2707 nisse
185 2643 298 2724 Dictys
319 2653 440 2704 narrat.
1140 2624 1143 2646 '

136 2751 276 2810 Praeter
289 2765 363 2808 eum
377 2745 572 2828 catalogum,
590 2747 647 2830 qui
664 2743 828 2831 hodieque
837 2746 872 2808 in
887 2745 1079 2810 carminibus

76 2850 260 2913 Homericis
276 2831 437 2931 superest,
459 2847 543 2909 alter
557 2848 749 2930 Cypriorum
763 2850 938 2914 carminum
950 2849 1080 2929 heroes,

78 2953 134 3036 qui
155 2961 269 3018 contra
290 2949 422 3012 Troiam
442 2947 780 3031 bellumege'ssisssnt,
811 2951 1016 3032 1=ecenscbat3
1038 2955 1082 3016 ef.

78 3060 187 3122 Prool.
226 3061 407 3120 Numerum
435 3068 543 3119 totum
563 3056 702 3117 miiitum
731 3057 953 3138 accuratiore,
986 3079 1080 3142 quam

76 3160 247 3243 hucusque
276 3159 398 3221 factum
432 3172 502 3239 est,
529 3159 770 3242 computatione
802 3160 954 3222 extricari
982 3177 1081 3240 posse

78 3270 148 3322 erut
169 3259 227 3344 qui
259 3260 468 3344 opinaretur,
495 3258 555 3321 sed
575 3259 703 3320 saniore
722 3259 866 3337 ratione,
900 3279 996 3342 quam
1018 3279 1081 3342 qua

77 3364 127 3424 usi
146 3376 222 3424 sunt
242 3373 373 3426 veteres
396 3363 468 3448 ipsi,
489 3359 615 3423 fieri‘id
635 3383 731 3445 posse
753 3361 905 3446 equidem
927 3362 1081 3445 despera·

74 3463 159 3526 ham.
192 3462 419 3546 Thucydides
436 3473 545 3523 autem
578 3460 619 3542 (1,
653 3463 715 3543 ιο),
745 3481 843 3546 quem
871 3462 975 3523 secuti
1005 3473 1080 3522 sunt

75 3563 285 3646 grammatici,
307 3561 351 3624 ef.
373 3560 483 3623 Schol.
506 3569 540 3623 et
559 3563 651 3626 Eust.
672 3560 712 3622 ad
724 3562 759 3627 ΙΙ.
774 3564 805 3642 β,
817 3565 887 3640 488,
908 3580 1079 3623 numerum

74 3660 236 3746 quendam
258 3662 401 3725 medium
429 3660 542 3722 statuit
569 3661 658 3722 inter
676 3661 841 3724 minimum
864 3682 993 3740 corum,
1023 3662 1080 3744 qui

75 3763 109 3822 in
127 3785 189 3824 una
209 3784 292 3827 nave
313 3768 546 3840 memorantur,
569 3771 602 3824 et
622 3764 813 3844 maximum3
857 3773 949 3826 erant
970 3773 1079 3824 autem

77 3884 173 3928 naves
193 3865 286 3927 mille
308 3875 440 3924 centum
462 3881 517 3921 sex
539 3873 573 3924 et
594 3864 772 3944 octoginta,
793 3883 946 3936 uumerus
967 3865 1080 3948 itaque

76 3968 219 4031 universi
248 3968 413 4031 exercitus
442 3965 556 4027 additis
570 3964 712 4028 ducibus
738 3968 816 4050 ipsis
838 3965 982 4029 efficitur
1003 3986 1079 4030 cen·

73 4085 141 4134 tum
161 4073 265 4136 millia
294 4067 472 4152 octingenti
505 4065 636 4152 triginta
662 4088 798 4152 notem,
816 4051 886 4154 ¹qui
923 4089 1079 4136 numerus
