2626 4768
649 369 875 434 ...130-

264 541 326 602 Alii
357 541 401 604 oh
434 559 578 603 amorem
599 541 705 604 Troili
725 540 890 604 Achillem
918 541 1059 606 occisum
1086 555 1175 606 ecte
1200 543 1286 607 dixe·

261 655 355 705 runt:
375 645 490 708 Tzetz.
510 641 551 705 asl
570 646 649 725 Lyc.
669 645 743 725 3⁰7·

343 747 527 830 Ecupticne
569 745 685 808 deinde
717 743 805 808 facta
836 744 970 809 Troiani
1013 747 1165 812 cadaver
1224 751 1286 814 eius

262 845 392 930 eripere
414 847 626 910 conabantur.
667 846 734 909 Sed
754 847 836 909 Aiax
867 865 925 913 eos
945 849 1071 931 repulit
1091 857 1130 909 et
1155 852 1283 913 nultos

262 949 350 1012 etin
372 947 422 1010 his
444 948 661 1011 nobilissimos
681 947 858 1012 interfecit.
883 950 1033 1031 Ulyssem
1052 950 1088 1011 in
1108 969 1158 1012 eo
1184 971 1281 1034 prce·

261 1051 307 1113 lic
335 1070 415 1134 prae
446 1052 563 1112 ceteris
585 1053 797 1132 excelluisse,
828 1052 871 1115 ob
899 1051 993 1137 qaod
1022 1073 1112 1114 arma
1134 1056 1281 1118 Achillis

262 1154 380 1218 deindo
402 1155 590 1236 accepisset,
621 1155 754 1239 antiqua
774 1154 859 1218 fatua
887 1167 976 1236 erat,
1003 1155 1049 1218 cf-
1070 1155 1139 1219 Od.
1171 1179 1204 1240 ε,
1227 1163 1281 1223 31⁰

263 1271 354 1341 sqq.3
384 1256 491 1338 ipsum
523 1279 562 1319 ex
593 1275 633 1319 eo
662 1259 807 1320 tumultu
825 1258 969 1321 humeris
990 1259 1055 1320 suis
1070 1259 1236 1327 cadaver
1255 1265 1286 1324 in:

262 1371 368 1422 castra
390 1359 563 1439 detulisse,
594 1357 670 1422 dum
690 1362 769 1424 Aiax
786 1361 898 1441 liostes
919 1363 1136 1446 prohiberet,
1169 1390 1277 1432 narra

263 1475 318 1528 tnr
346 1466 434 1550 apud
455 1467 554 1531 out.
575 1471 764 1553 Metlxm,
787 1471 846 1541 284
867 1491 938 1556 sqq.
946 1493 957 1550 3
990 1475 1133 1534 Tzetzes
1169 1485 1272 1535 auten

260 1571 410 1632 Troiani·
432 1579 470 1631 ut
491 1570 630 1635 cadaver
662 1573 832 1656 eriperent
866 1576 1041 1659 contigisse
1061 1591 1207 1658 nai-rat,
1232 1599 1266 1640 ne

261 1692 326 1760 que
358 1673 392 1734 id
422 1674 514 1755 prius
537 1675 670 1738 Graecis
697 1675 862 1739 redditum
894 1697 990 1758 csse,
1022 1699 1121 1762 qnam
1157 1683 1274 1758 omnia,

262 1797 346 1862 quac
367 1775 408 1838 ad
427 1777 607 1839 Hectorem
627 1775 852 1842 redimendum
874 1779 1027 1861 dederat,
1047 1781 1204 1844 Priamus
1228 1805 1266 1846 re

203 1944 207 1954 ,
261 1879 420 1964 οερίεεοῑι
453 1877 495 1946 cf.
515 1879 678 1965 Lycophr.
717 1899 787 1965 27⁰·
820 1885 933 1946 Tzetz.
954 1883 978 1945 1.
999 1884 1022 1946 1.
1044 1894 1080 1946 et
1099 1883 1273 1949 Posthom.

259 2002 291 2046 v.
313 1981 386 2047 430.

281 2154 284 2167 β
342 2088 528 2168 Deportato
549 2087 708 2150 incastris
729 2087 887 2152 cadavere
900 2105 1036 2170 magnus
1059 2087 1172 2148 luctus
1194 2088 1266 2148 exti-

263 2186 303 2244 tit
326 2187 539 2250 Graccorum.
583 2187 704 2251 Thetis
725 2209 799 2249 cnm
820 2187 1013 2250 Nereidibus
1040 2194 1076 2248 ct
1096 2184 1201 2247 Musis
1222 2186 1262 2248 ad·

260 2287 352 2348 venit
385 2299 419 2350 et
439 2296 606 2349 mortuum
632 2286 735 2349 filium
758 2284 910 2367 dellevit,
943 2286 986 2348 cf.
1006 2284 1117 2351 Procl.
1132 2304 1254 2348 exues

262 2389 416 2461 Arctin03
435 2383 521 2476 cogo
543 2392 658 2458 deinde
680 2401 830 2456 extructo
852 2389 1054 2486 copnburitur
1072 2411 1153 2454 cum
1165 2393 1253 2456 mult'n

158 2503 160 2510 ’
263 2491 429 2575 Troianis,
462 2497 520 2578 qui
549 2494 680 2558 inferias
703 2495 733 2558 ei
754 2493 984 2576 mittebantur,
1015 2492 1060 2557 cl.
1082 2494 1202 2587 Qtunt.
1221 2497 1261 2572 lll,
1285 2575 1286 2580 η

263 2592 333 2662 sao,
374 2597 479 2658 Aiacis
512 2597 647 2660 consilio
678 2596 712 2658 in
746 2595 862 2660 eodem
891 2597 983 2674 loco,
1016 2615 1082 2680 quo
1105 2591 1286 2674 Patroclus

263 2717 380 2781 rogum
400 2701 520 2764 Achilli
536 2711 730 2765 ‘extructum
763 2721 834 2765 esse
867 2723 1007 2788 cumque
1034 2721 1096 2786 per
1123 2703 1260 2765 ιτὶᾶιιιιιιι

264 2803 459 2866 continuatis
491 2805 657 2868 laboribus
685 2809 782 2870 sunus
815 2806 996 2884 curavisse,
1024 2806 1137 2888 Dictys
1160 2808 1263 2884 tradit,

263 2904 320 2982 w,
345 2907 392 2969 13.
425 2904 559 2968 Achillis
582 2919 616 2970 et
635 2909 782 2971 Paticcli
804 2929 875 2971 ossa
896 2909 929 2971 in
951 2927 1014 2969 una
1034 2923 1117 2968 urna
1137 2909 1263 2970 condita

263 3024 335 3070 esse
355 3018 466 3070 namt
487 3011 624 3073 'I'zetzes
646 3009 685 3072 ad
706 3013 783 3094 Lyc.
815 3013 874 3094 273
881 3033 891 3090 3
919 3011 988 3092 275.
1007 3010 1178 3072 Posthom.
1199 3014 1262 3082 [μδ.

264 3107 307 3173 df·
329 3112 367 3175 11.
389 3123 428 3192 ψ,
450 3112 508 3183 243
528 3134 599 3198 sqq.
621 3115 775 3198 Sepultus
806 3122 913 3175 autem
940 3093 1062 3172 dicitur
1080 3110 1115 3170 in
1143 3110 1264 3194 Sigaeo,

264 3213 320 3277 nbi
341 3215 485 3278 tumulus
506 3215 610 3279 Aiacis
632 3217 835 3301 potissimum
855 3233 973 3296 opera,
994 3225 1032 3274 nt
1062 3211 1171 3294 Dictys
1196 3235 1262 3275 nar-

219 3315 231 3339 ·
266 3330 327 3395 rat,
347 3321 381 3380 in
403 3319 471 3383 eius
494 3319 653 3383 honorem
675 3327 847 3402 congestus
870 3315 926 3377 diu
947 3313 1092 3393 extabat,
1113 3317 1263 3396 oppidum

267 3435 398 3500 quoque
419 3418 602 3492 Achilleum
636 3421 681 3481 ibi
713 3417 880 3482 conditum
912 3423 1110 3483 memoratus
1148 3414 1262 3478 Strabo

252 3522 338 3601 W,
372 3541 445 3604 pag.
472 3526 553 3605 4773
572 3524 656 3589 Plin.
676 3525 720 3584 H.
740 3525 779 3583 N.
801 3523 843 3601 V,
863 3521 917 3584 83·
937 3536 1021 3600 psg·-
1039 3514 1108 3598 176.
1147 3517 1263 3588 Postea

179 3672 189 3693 .
266 3624 300 3687 in
322 3623 485 3688 Thracum
505 3645 638 3710 quoque
661 3623 867 3688 Chersoneso
888 3623 1048 3684 tumulum
1068 3619 1130 3702 ipsi
1150 3620 1261 3682 Graeci

268 3731 491 3786 extinxerunt.
533 3719 686 3784 Arctiuus
726 3743 744 3782 u
782 3719 920 3784 Thetide
953 3717 1056 3780 lilium
1080 3737 1105 3778 e
1131 3714 1259 3779 flammis

267 3835 419 3908 creptum
459 3833 493 3884 at
524 3821 559 3883 in
598 3823 734 3884 insulam
774 3825 908 3886 Leueen
949 3820 1153 3904 deportatum
1190 3839 1259 3882 essa

268 3923 436 3987 narrabats
462 3922 574 3987 Procl.
603 3921 637 3984 in
658 3922 828 4006 excerptis.
