2750 4774
694 385 898 453 ,74-

254 561 348 633 uibus
369 561 547 623 multorum
567 559 711 623 liliorum
730 561 936 646 filiarumque
955 557 1257 640 eius(Plnt.’1'lies.

254 667 291 746 3)
312 678 410 750 atque
433 685 451 727 e
473 664 632 728 varietate
652 663 846 742 fabularum,
869 683 952 748 quae
973 662 1014 726 de
1037 663 1258 741 auferuntur,
1365 731 1366 740 χ

254 767 394 849 intelligi
414 776 535 849 potest.
576 769 621 829 Et
642 787 736 844 sane,
768 767 796 827 si
815 767 931 829 Minois
951 785 1053 849 genus
1077 787 1150 827 cnm
1171 753 1258 826 atriss
1365 771 1366 778 ’

159 949 164 958 ¹
257 871 371 934 darum
392 871 566 934 maioribus
589 871 749 934 affinitate
783 871 992 934 coniunctum
1019 870 1103 932 tradi
1136 870 1260 954 eogita-

255 977 353 1056 veris‚
375 988 510 1038 stemma
523 975 673 1038 'describi
692 975 834 1058 poterit,
856 995 922 1059 quo
942 997 1009 1037 non
1031 972 1162 1058 quidem
1183 993 1261 1034 eon·
1365 959 1366 986 ³

256 1079 470 1160 sanguinitate
502 1076 561 1140 sed
590 1078 682 1142 vario
713 1076 810 1139 mode
840 1075 1000 1138 affinitate
1028 1093 1140 1138 omnes
1172 1072 1260 1155 prin-

255 1183 344 1266 cipes
387 1185 580 1246 ooniunetos
622 1181 721 1245 fuisse
755 1181 978 1261 demonstres3
1026 1186 1133 1238 tantus
1172 1178 1258 1240 enim

258 1286 441 1345 enumerari
461 1297 572 1367 potest
591 1282 821 1366 Pelopidarum
842 1302 1008 1358 numerus,
1028 1291 1066 1342 ut
1086 1303 1254 1344 numerum

256 1381 491 1444 Priamidarum
511 1381 607 1444 facile
629 1383 797 1467 adaequet.
937 1379 939 1384 ¹

336 1483 452 1565 Magno
474 1482 514 1544 ad
535 1484 569 1544 id
589 1484 711 1546 bellum
739 1493 897 1565 apparatu
918 1505 1000 1569 opus
1028 1485 1090 1546 fuit
1098 1505 1108 1562 3
1130 1504 1191 1568 per
1210 1495 1259 1547 to·

252 1598 328 1651 .tum
347 1589 671 1674 itaque'deoennium
692 1613 820 1654 omnem
848 1592 1088 1675 expeditionem
1115 1601 1258 1676 paratam

259 1709 330 1755 esse
348 1700 497 1754 veterum
518 1693 754 1758 narrationibus
776 1693 934 1773 traditur3
956 1693 997 1756 cf.
1019 1696 1055 1759 Il.
1077 1719 1114 1771 ω,
1135 1694 1206 1778 765·
1227 1707 1260 1757 et
1365 1771 1366 1784 χ

258 1821 341 1885 quae
365 1800 561 1862 scholiastes
583 1800 623 1861 ad
645 1821 719 1864 enm
741 1823 872 1864 versum
894 1800 1009 1882 affert,
1042 1807 1098 1886 qni
1119 1801 1194 1864 inde
1215 1799 1259 1862 al·
1365 1855 1366 1860 ,

258 1915 368 1967 terum
398 1903 508 1966 locum
535 1902 643 1966 Iliadis
674 1905 796 1986 (1227)
829 1904 991 1988 explicare
1023 1916 1178 1983 conatur,
1207 1903 1264 1966 ubi

256 2007 338 2074 'luno
359 2033 447 2073 snam
470 2012 503 2072 in
525 2011 708 2095 colligendo
732 2013 932 2075 Graecorum
954 2010 1101 2074 exercitu
1128 2031 1262 2095 operam

258 2116 435 2200 praedicat.
476 2119 646 2180 Noverant
674 2117 759 2180 enim
783 2117 901 2178 Graeci
920 2117 982 2199 ipsi
1004 2115 1125 2178 validas
1148 2115 1262 2177 Troia-

259 2239 376 2278 norum
399 2237 489 2300 opes‚
510 2216 553 2279 cf.
575 2218 611 2280 ll.
635 2241 672 2295 ω,
694 2217 771 2297 5433
800 2217 867 2303 06..
887 2239 917 2295 o,
939 2215 1018 2298 2603
1047 2215 1157 2278 schol.
1179 2218 1219 2277 ΙΙ.1
1238 2240 1261 2304 ι,

259 2315 337 2398 6683
372 2337 556 2400 quanquam
590 2321 789 2400 Agamemno
823 2317 899 2399 plus
932 2316 1072 2400 decuplo
1107 2318 1259 2380 maiorem

260 2420 360 2483 fuisse
381 2439 552 2481 numerum
575 2419 773 2484 Graecorum
806 2441 904 2509 quam
925 2415 1142 2485 Troianorum
1162 2420 1257 2504 glori-

260 2538 334 2588 atur
363 2528 399 2589 ll.
422 2531 453 2608 β,
483 2528 540 2590 125
572 2549 643 2612 sqq.
685 2526 791 2609 Apion
820 2537 855 2590 et
881 2525 1075 2588 Herodorus
1105 2525 1263 2607 dixerant,
1365 2575 1366 2584 ,

260 2628 373 2692 decem
405 2650 505 2693 annos
537 2649 662 2690 errasse
693 2630 836 2691 Graecos
869 2628 934 2689 hue
965 2628 1044 2690 illue
1073 2626 1197 2689 itineris
1228 2625 1264 2687 iu

261 2733 392 2794 Troiam
413 2732 558 2813 ignaros,
586 2730 627 2792 cf.
647 2733 741 2794 Eust.
768 2729 809 2793 ad
830 2733 867 2792 ll.
898 2755 929 2806 a,
957 2731 1016 2814 59,
1041 2730 1098 2814 qui
1118 2748 1266 2811 magnam

260 2839 294 2902 in
316 2837 575 2902 hie'varietatem
609 2859 679 2904 esse
715 2841 880 2922 queritur3
911 2840 985 2903 vide
1019 2860 1150 2925 quoque
1169 2839 1265 2900 Euat.

263 2937 303 3000 ad
325 2940 360 3000 ll.
385 2964 406 3016 ι,
430 2939 506 3021 666,
533 2961 605 3024 pag.
627 2942 688 3004 366
708 2942 758 3004 ed.
781 2945 870 3026 Lips.
913 2941 1163 3028 Antiquissimus
1192 2961 1266 3003 nar·
1365 2957 1366 2966 ¹

261 3043 396 3108 rationis
427 3043 508 3108 ordo
542 3053 634 3108 certo
668 3044 737 3110 sine
770 3057 920 3111 accurata
950 3048 1106 3133 temporis
1137 3047 1265 3110 ratione
1365 3107 1366 3116 ,

263 3147 461 3236 compositus
483 3160 571 3225 erat,
592 3167 699 3234 neque
720 3150 818 3232 magis
841 3163 923 3235 quot
944 3149 1032 3214 inter
1051 3163 1177 3234 raptam
1198 3151 1265 3211 He·
1365 3147 1366 3214 s

261 3253 366 3315 lenam
390 3262 425 3316 et
438 3255 638 3320 Graecorum
657 3235 1178 3338 profectionemintercessissent
1196 3252 1265 3316 dies
1365 3247 1366 3256 ’

181 3355 184 3368 ’
223 3365 233 3384 ·“
260 3354 417 3418 traditum
438 3368 524 3434 erat,
555 3377 651 3439 quam
672 3369 756 3440 quot
783 3356 870 3418 inter
891 3339 1015 3423 Paridis
1043 3358 1196 3422 iudicium
1217 3367 1265 3420 at·

263 3481 327 3542 que
348 3465 413 3523 iter
435 3463 503 3524 eius
526 3465 558 3524 in
581 3465 768 3544 Graeciam3
796 3476 911 3530 exorta
945 3462 994 3529 est
1015 3485 1052 3526 ea
1080 3462 1266 3528 fabularum

261 3560 400 3624 varietas
422 3560 529 3624 studio
552 3563 752 3626 curiosorum
774 3563 987 3645 scriptorum,
1021 3583 1087 3625 non
1107 3562 1210 3644 petita
1229 3569 1268 3624 et

262 3663 375 3728 hausta
396 3672 448 3736 est
469 3685 508 3730 ex
530 3665 669 3751 antiquis
690 3665 915 3729 monumentis.
958 3667 993 3726 ln
1015 3664 1138 3748 Cypriis
1152 3664 1266 3726 earmi-

262 3768 356 3833 uibus
389 3768 423 3829 iu
448 3765 481 3828 id
514 3768 669 3852 temporis
699 3768 838 3848 spatium
860 3785 947 3828 mors
971 3765 1112 3830 Castoris
1134 3775 1168 3828 ot
1188 3763 1266 3824 Pol·
1365 3793 1366 3802 κ

263 3870 343 3934 lucis
366 3881 399 3934 et
420 3867 609 3934 Atridarum
631 3889 691 3952 per
709 3866 878 3930 Graeciam
899 3868 963 3929 iter
983 3865 1105 3930 factum
1126 3864 1166 3925 ad
1188 3883 1266 3928 eou-

261 3973 426 4039 vocandos
463 3973 626 4058 principes
659 3973 809 4036 incidisse
843 3970 1052 4049 narrabatur,
1085 3965 1127 4032 ef.
1156 3967 1267 4034 Prool.

249 4083 385 4146 'Eorum
420 4077 646 4147 auctoritatem
675 4079 788 4162 Dictys
824 4085 981 4163 tequutns
1014 4094 1085 4139 esse
1122 4070 1263 4153 videtur,
